@book{introduction_a_la_philosophie_aron,
   title =     {Introduction à la philosophie de l'histoire: Essai sur les limites de l'objectivité historique},
   author =    {Aron, Raymond},
   publisher = {Gallimard},
   isbn =      {2070723534; 9782070723539},
   year =      {1991},
   url =       {libgen.li/file.php?md5=1c6f701970dd9f0ee6b92170fdd7d1cc},
   entrysubtype={secondaire}
}

@Book{galison1987how,
 author = {Galison, Peter},
 title = {How experiments end},
 publisher = {University of Chicago Press},
 year = {1987},
 address = {Chicago},
 isbn = {9780226279152},
 entrysubtype={secondaire}
 }
 
 
@book{galison1992big,
 author = {Galison, Peter},
 title = {Big science: the growth of large-scale research},
 publisher = {Stanford University Press},
 year = {1992},
 address = {Stanford, Calif},
 isbn = {9780804718790},
 entrysubtype={secondaire}
}

@article{Galison1988b,
 ISSN = {02708647},
 URL = {http://www.jstor.org/stable/192880},
 abstract = {In the 1960s, the history and philosophy of science made common cause in the search for universal patterns of theory change: philosophers provided models, historians offered examples. But the two enterprises pulled apart during the 1970s. Now there is a new arena of joint concern. Historians and philosophers are searching for the conditions under which standards of theoretical and experimental demonstration are established. I argue against the picture of these standards as independent of (or reducible to) the context of their introduction. Instead, I suggest that we think of scientific developments as simultaneous solutions to multiple constraints; the constraints issue from domains as diverse as the technical, the aesthetic and the political.},
 author = {Peter Galison},
 journal = {PSA: Proceedings of the Biennial Meeting of the Philosophy of Science Association},
 number = {},
 pages = {157--163},
 publisher = {[University of Chicago Press, Springer, Philosophy of Science Association]},
 title = {Multiple Constraints, Simultaneous Solutions},
 volume = {1988},
 year = {1988},
 entrysubtype={secondaire}
}



@Book{galison1997image,
 author = {Galison, Peter},
 title = {{Image and Logic}},
 subtitle = {a material culture of microphysics},
 publisher = {University of Chicago Press},
 year = {1997},
 address = {Chicago},
 isbn = {9780226279176},
 entrysubtype={secondaire}
 }
 
 @article{Darrigol2001,
  doi = {10.3406/rhs.2001.2121},
  url = {https://doi.org/10.3406/rhs.2001.2121},
  year = {2001},
  publisher = {{PERSEE} Program},
  volume = {54},
  number = {2},
  pages = {255--260},
  author = {Olivier Darrigol},
  title = {Revue critique. Sur l'ouvrage de Peter Galison,  Image and logic : A material culture of microphysics / Critical review. Image and logic : A material culture of microphysics by Peter Galison},
  journal = {Revue d'histoire des sciences},
  entrysubtype = {secondaire}
}
 
 @article{Darrigol1998,
  doi = {10.2307/27757798},
  url = {https://doi.org/10.2307/27757798},
  year = {1998},
  month = jan,
  publisher = {University of California Press},
  volume = {28},
  number = {2},
  pages = {337--351},
  author = {Olivier Darrigol},
  title = {Toward a New Topology of Scientific Practice},
  journal = {Historical Studies in the Physical and Biological Sciences},
 entrysubtype={secondaire}
}
 
 @article{Andersson1983,
  doi = {10.1016/0370-1573(83)90080-7},
  url = {https://doi.org/10.1016/0370-1573(83)90080-7},
  year = {1983},
  month = jul,
  publisher = {Elsevier {BV}},
  volume = {97},
  number = {2-3},
  pages = {31--145},
  author = {B. Andersson and G. Gustafson and G. Ingelman and T. Sj\"{o}strand},
  title = {Parton fragmentation and string dynamics},
  journal = {Physics Reports},
 entrysubtype={primaire}
}

@BOOK{Shinn2005,
  title   = "Controverses sur la science: Pour une sociologie transversaliste
             de l'activité scientifique",
  author  = "Shinn, Terry and Ragouet, Pascal",
  year    =  2005,
  address = "Paris Raisons d'Agir Éditions",
  entrysubtype = {secondaire}
}
 
 @Book{gorman2010trading,
 author = {Gorman, Michael},
 title = {Trading zones and interactional expertise : creating new kinds of collaboration},
 publisher = {MIT Press},
 year = {2010},
 address = {Cambridge, Mass},
 isbn = {9780262514835},
 entrysubtype={secondaire}
 }
 
 @article{Darrigol2007,
  doi = {10.1007/s11229-007-9181-x},
  url = {https://doi.org/10.1007/s11229-007-9181-x},
  year = {2007},
  month = may,
  publisher = {Springer Science and Business Media {LLC}},
  volume = {162},
  number = {2},
  pages = {195--223},
  author = {Olivier Darrigol},
  title = {The modular structure of physical theories},
  journal = {Synthese},
  entrysubtype={secondaire}
}

 @incollection{tradingwiththeenemy,
 author = {Galison, Peter},
 title = {Trading with the enemy},
 booktitle = {Trading zones and interactional expertise : creating new kinds of collaboration},
 publisher = {MIT Press},
 editor = {Gorman, Michael},
 chapter = {3},
 year = {2010},
 address = {Cambridge, Mass},
 isbn = {9780262514835},
 entrysubtype={secondaire}
 }

  @incollection{Collins2010,
 author = {Collins, Harry and Evans, Robert and Gorman, Michel},
 title = {Trading with the enemy},
 booktitle = {Trading zones and interactional expertise : creating new kinds of collaboration},
 publisher = {MIT Press},
 editor = {Gorman, Michael},
 chapter = {2},
 year = {2010},
 address = {Cambridge, Mass},
 isbn = {9780262514835},
 entrysubtype={secondaire}
 }
 

 @Book{houdart2015les,
 author = {Houdart, Sophie},
 title = {Les incommensurables},
 publisher = {Zones Sensibles},
 year = {2015},
 address = {Bruxelles},
 isbn = {978-2930601175},
 entrysubtype={secondaire}
 }
 
 @Book{brown2019the,
 author = {Brown, Brandon},
 title = {The Apollo chronicles : engineering America's first moon missions},
 publisher = {Oxford University Press},
 year = {2019},
 address = {New York, NY},
 isbn = {9780190681340},
 entrysubtype={secondaire}
 }
 
@Book{hoddeson1997the,
 author = {Hoddeson, Lillian},
 title = {The rise of the standard model : particle physics in the 1960s and 1970s},
 publisher = {Cambridge University Press},
 year = {1997},
 address = {New York},
 isbn = {9780521570824},
 entrysubtype={secondaire}
 }
 
 @Book{harwit2013in,
 author = {Harwit, Martin},
 title = {In search of the true universe : the tools, shaping, and cost of cosmological thought},
 publisher = {Cambridge University Press},
 year = {2013},
 address = {New York, NY},
 isbn = {9781107358409},
 entrysubtype={secondaire}
 }
 
 @Book{guth1997the,
 author = {Guth, Alan},
 title = {The inflationary universe : the quest for a new theory of cosmic origins},
 publisher = {Addison-Wesley Pub},
 year = {1997},
 address = {Reading, Mass},
 isbn = {0201328402},
 entrysubtype={primaire}
 }
 
 @article{Raviv2019,
  doi = {10.1098/rspb.2019.1262},
  url = {https://doi.org/10.1098/rspb.2019.1262},
  year = {2019},
  month = jul,
  publisher = {The Royal Society},
  volume = {286},
  number = {1907},
  pages = {20191262},
  author = {Limor Raviv and Antje Meyer and Shiri Lev-Ari},
  title = {Larger communities create more systematic languages},
  journal = {Proceedings of the Royal Society B: Biological Sciences},
  entrysubtype={secondaire}
}
 
 @article{formula_to_latex_Wang2020,
  doi = {10.1007/s10032-020-00360-2},
  url = {https://doi.org/10.1007/s10032-020-00360-2},
  year = {2020},
  month = nov,
  publisher = {Springer Science and Business Media {LLC}},
  volume = {24},
  number = {1-2},
  pages = {63--75},
  author = {Zelun Wang and Jyh-Charn Liu},
  title = {Translating math formula images to {LaTeX} sequences using deep neural networks with sequence-level training},
  journal = {International Journal on Document Analysis and Recognition ({IJDAR})},
 entrysubtype={technical}
}
 
 @Book{wang2021the,
 author = {Wang, Dashun},
 title = {The Science of Science},
 publisher = {Cambridge University Press},
 year = {2021},
 address = {Cambridge New York, NY},
 isbn = {978-1108716956},
 entrysubtype={secondaire}
 }
 
 @article{science_of_science_Fortunato2018,
  doi = {10.1126/science.aao0185},
  url = {https://doi.org/10.1126/science.aao0185},
  year = {2018},
  month = mar,
  publisher = {American Association for the Advancement of Science ({AAAS})},
  volume = {359},
  number = {6379},
  pages = {eaao0185},
  author = {Santo Fortunato and Carl T. Bergstrom and Katy B\"{o}rner and James A. Evans and Dirk Helbing and Sta{\v{s}}a Milojevi{\'{c}} and Alexander M. Petersen and Filippo Radicchi and Roberta Sinatra and Brian Uzzi and Alessandro Vespignani and Ludo Waltman and Dashun Wang and Albert-L{\'{a}}szl{\'{o}} Barab{\'{a}}si},
  title = {Science of science},
  journal = {Science},
 entrysubtype={secondaire}
}
 
 @article{word_embeddings_abstracts_Ho2020,
  doi = {10.1016/j.compchemeng.2020.107026},
  url = {https://doi.org/10.1016/j.compchemeng.2020.107026},
  year = {2020},
  month = oct,
  publisher = {Elsevier {BV}},
  volume = {141},
  pages = {107026},
  author = {David Ho and Albert S. Shkolnik and Neil J. Ferraro and Benjamin A. Rizkin and Ryan L. Hartman},
  title = {Using word embeddings in abstracts to accelerate metallocene catalysis polymerization research},
  journal = {Computers {\&} Chemical Engineering},
 entrysubtype={technical}
}

@inproceedings{boukhaled:hal-02048377,
  TITLE = {{Modelling the Semantic Change Dynamics using Diachronic Word Embedding}},
  AUTHOR = {Boukhaled, Mohamed Amine and Fagard, Benjamin and Poibeau, Thierry},
  URL = {https://hal.archives-ouvertes.fr/hal-02048377},
  BOOKTITLE = {{11th International Conference on Agents and Artificial Intelligence (NLPinAI Special Session)}},
  ADDRESS = {Prague, Czech Republic},
  YEAR = {2019},
  MONTH = Feb,
  KEYWORDS = {Semantic Change ; Diachronic Word Embedding ; Recurrent Neural Networks ; Distributional Semantics ; Computational Modelling},
  PDF = {https://hal.archives-ouvertes.fr/hal-02048377/file/ICAART_amine.pdf},
  HAL_ID = {hal-02048377},
  HAL_VERSION = {v1},
 entrysubtype={technical}
}

@misc{pandemics_novelty_liu,
    Author = {Meijun Liu and Yi Bu and Chongyan Chen and Jian Xu and Daifeng Li and Yan Leng and Richard Barry Freeman and Eric Meyer and Wonjin Yoon and Mujeen Sung and Minbyul Jeong and Jinhyuk Lee and Jaewoo Kang and Chao Min and Min Song and Yujia Zhai and Ying Ding},
    Title = {Can pandemics transform scientific novelty? Evidence from COVID-19},
    Year = {2020},
    Eprint = {arXiv:2009.12500},
 entrysubtype={technical}
}

@article{Chu2021,
  doi = {10.1073/pnas.2021636118},
  url = {https://doi.org/10.1073/pnas.2021636118},
  year = {2021},
  month = oct,
  publisher = {Proceedings of the National Academy of Sciences},
  volume = {118},
  number = {41},
  pages = {e2021636118},
  author = {Johan S. G. Chu and James A. Evans},
  title = {Slowed canonical progress in large fields of science},
  journal = {Proceedings of the National Academy of Sciences},
  entrysubtype={technical}
}

@article{Foster2021,
  doi = {10.31235/osf.io/2t46f},
  url = {https://doi.org/10.31235/osf.io/2t46f},
  year = {2021},
  month = apr,
  publisher = {Center for Open Science},
  author = {Jacob G. Foster and Feng Shi and James Evans},
  title = {Surprise! Measuring Novelty as Expectation Violation},
  journal = {OSF},
 entrysubtype={technical}
}

@article{Kang2020,
  doi = {10.1162/qss_a_00056},
  url = {https://doi.org/10.1162/qss_a_00056},
  year = {2020},
  month = sep,
  publisher = {{MIT} Press - Journals},
  volume = {1},
  number = {3},
  pages = {930--944},
  author = {Donghyun Kang and James Evans},
  title = {Against method: Exploding the boundary between qualitative and quantitative studies of science},
  journal = {Quantitative Science Studies},
  entrysubtype={secondaire}
}

@article{Leydesdorff2020,
  doi = {10.1162/qss_e_00061},
  url = {https://doi.org/10.1162/qss_e_00061},
  year = {2020},
  month = sep,
  publisher = {{MIT} Press - Journals},
  volume = {1},
  number = {3},
  pages = {918--926},
  author = {Loet Leydesdorff and Ismael R{\`{a}}fols and Sta{\v{s}}a Milojevi{\'{c}}},
  title = {Bridging the divide between qualitative and quantitative science studies},
  journal = {Quantitative Science Studies},
 entrysubtype={secondaire}
}

@article{Bowker2020,
  doi = {10.1162/qss_a_00054},
  url = {https://doi.org/10.1162/qss_a_00054},
  year = {2020},
  month = sep,
  publisher = {{MIT} Press - Journals},
  volume = {1},
  number = {3},
  pages = {927--929},
  author = {Geoffrey C. Bowker},
  title = {Numbers or no numbers in science studies},
  journal = {Quantitative Science Studies}
}

@article{Cambrosio2020,
  doi = {10.1162/qss_a_00055},
  url = {https://doi.org/10.1162/qss_a_00055},
  year = {2020},
  month = sep,
  publisher = {{MIT} Press - Journals},
  volume = {1},
  number = {3},
  pages = {1017--1024},
  author = {Alberto Cambrosio and Jean-Philippe Cointet and Alexandre Hannud Abdo},
  title = {Beyond networks: Aligning qualitative and computational science studies},
  journal = {Quantitative Science Studies},
 entrysubtype={secondaire}
}

@article{Heinze2020,
  doi = {10.1162/qss_a_00059},
  url = {https://doi.org/10.1162/qss_a_00059},
  year = {2020},
  month = sep,
  publisher = {{MIT} Press},
  volume = {1},
  number = {3},
  pages = {983--992},
  author = {Thomas Heinze and Arlette Jappe},
  title = {Quantitative science studies should be framed with middle-range theories and concepts from the social sciences},
  journal = {Quantitative Science Studies}
}

@article{Gerow2018,
  doi = {10.1073/pnas.1719792115},
  url = {https://doi.org/10.1073/pnas.1719792115},
  year = {2018},
  month = mar,
  publisher = {Proceedings of the National Academy of Sciences},
  volume = {115},
  number = {13},
  pages = {3308--3313},
  author = {Aaron Gerow and Yuening Hu and Jordan Boyd-Graber and David M. Blei and James A. Evans},
  title = {Measuring discursive influence across scholarship},
  journal = {Proceedings of the National Academy of Sciences},
 entrysubtype={technical}
}


@misc{Bennett2021,
Author = {Andrew Bennett and Dipendra Misra and Nga Than},
Title = {Have you tried Neural Topic Models? Comparative Analysis of Neural and Non-Neural Topic Models with Application to COVID-19 Twitter Data},
Year = {2021},
Eprint = {arXiv:2105.10165},
 entrysubtype={technical}
}

@inproceedings{Michihiro2019,
author = {Yasunaga, Michihiro and Lafferty, John D.},
title = {TopicEq: A Joint Topic and Mathematical Equation Model for Scientific Texts},
year = {2019},
isbn = {978-1-57735-809-1},
publisher = {AAAI Press},
url = {https://doi.org/10.1609/aaai.v33i01.33017394},
doi = {10.1609/aaai.v33i01.33017394},
abstract = {Scientific documents rely on both mathematics and text to communicate ideas. Inspired by the topical correspondence between mathematical equations and word contexts observed in scientific texts, we propose a novel topic model that jointly generates mathematical equations and their surrounding text (TopicEq). Using an extension of the correlated topic model, the context is generated from a mixture of latent topics, and the equation is generated by an RNN that depends on the latent topic activations. To experiment with this model, we create a corpus of 400K equation-context pairs extracted from a range of scientific articles from arXiv, and fit the model using a variational autoencoder approach. Experimental results show that this joint model significantly outperforms existing topic models and equation models for scientific texts. Moreover, we qualitatively show that the model effectively captures the relationship between topics and mathematics, enabling novel applications such as topic-aware equation generation, equation topic inference, and topic-aware alignment of mathematical symbols and words.},
booktitle = {Proceedings of the Thirty-Third AAAI Conference on Artificial Intelligence and Thirty-First Innovative Applications of Artificial Intelligence Conference and Ninth AAAI Symposium on Educational Advances in Artificial Intelligence},
articleno = {908},
numpages = {8},
location = {Honolulu, Hawaii, USA},
series = {AAAI'19/IAAI'19/EAAI'19}
}



@article{Wagner2019,
  doi = {10.1016/j.respol.2019.01.002},
  url = {https://doi.org/10.1016/j.respol.2019.01.002},
  year = {2019},
  month = jun,
  publisher = {Elsevier {BV}},
  volume = {48},
  number = {5},
  pages = {1260--1270},
  author = {Caroline S. Wagner and Travis A. Whetsell and Satyam Mukherjee},
  title = {International research collaboration: Novelty,  conventionality,  and atypicality in knowledge recombination},
  journal = {Research Policy},
 entrysubtype={technical}
}

@misc{Elgammal2015,
Author = {Ahmed Elgammal and Babak Saleh},
Title = {Quantifying Creativity in Art Networks},
Year = {2015},
Eprint = {arXiv:1506.00711},
 entrysubtype={technical}
}

@article{Park2020,
  doi = {10.1140/epjds/s13688-019-0214-8},
  url = {https://doi.org/10.1140/epjds/s13688-019-0214-8},
  year = {2020},
  month = jan,
  publisher = {Springer Science and Business Media {LLC}},
  volume = {9},
  number = {1},
  author = {Doheum Park and Juhan Nam and Juyong Park},
  title = {Novelty and influence of creative works,  and quantifying patterns of advances based on probabilistic references networks},
 entrysubtype={technical}
}

@article{Birkle2020,
  doi = {10.1162/qss_a_00018},
  url = {https://doi.org/10.1162/qss_a_00018},
  year = {2020},
  month = feb,
  publisher = {{MIT} Press - Journals},
  volume = {1},
  number = {1},
  pages = {363--376},
  author = {Caroline Birkle and David A. Pendlebury and Joshua Schnell and Jonathan Adams},
  title = {Web of Science as a data source for research on scientific and scholarly activity},
  journal = {Quantitative Science Studies},
 entrysubtype={technical}
}

@misc{InspireAPI,
  doi = {10.5281/ZENODO.5788550},
  url = {https://github.com/bab2min/tomotopy},
  author = {Moskovic,  Micha},
  title = {The INSPIRE REST API},
  publisher = {Zenodo},
  year = {2021},
  copyright = {Creative Commons Attribution 4.0 International},
 entrysubtype={primaire}
}


@InProceedings{networkx,
  author =       {Aric A. Hagberg and Daniel A. Schult and Pieter J. Swart},
  title =        {Exploring Network Structure, Dynamics, and Function using NetworkX},
  booktitle =   {Proceedings of the 7th Python in Science Conference},
  pages =     {11 - 15},
  address = {Pasadena, CA USA},
  year =      {2008},
  editor =    {Gaël Varoquaux and Travis Vaught and Jarrod Millman},
  entrysubtype={technical}
}

@article{scikit-learn,
 title={Scikit-learn: Machine Learning in {P}ython},
 author={Pedregosa, F. and Varoquaux, G. and Gramfort, A. and Michel, V.
         and Thirion, B. and Grisel, O. and Blondel, M. and Prettenhofer, P.
         and Weiss, R. and Dubourg, V. and Vanderplas, J. and Passos, A. and
         Cournapeau, D. and Brucher, M. and Perrot, M. and Duchesnay, E.},
 journal={Journal of Machine Learning Research},
 volume={12},
 pages={2825--2830},
 year={2011},
 entrysubtype={technical}
}
 
 @Book{barbarasi2016network,
 author = {Barbarasi},
 title = {Network science},
 publisher = {Cambridge University Press},
 year = {2016},
 address = {Cambridge, United Kingdom},
 isbn = {9781107076266},
 entrysubtype={technical}
 }
 
 @article{Price1965,
  doi = {10.1126/science.149.3683.510},
  url = {https://doi.org/10.1126/science.149.3683.510},
  year = {1965},
  month = jul,
  publisher = {American Association for the Advancement of Science ({AAAS})},
  volume = {149},
  number = {3683},
  pages = {510--515},
  author = {Derek J. de Solla Price},
  title = {Networks of Scientific Papers},
  journal = {Science},
 entrysubtype={secondaire}
}

@article{Rosvall2010,
  doi = {10.1371/journal.pone.0008694},
  url = {https://doi.org/10.1371/journal.pone.0008694},
  year = {2010},
  month = jan,
  publisher = {Public Library of Science ({PLoS})},
  volume = {5},
  number = {1},
  pages = {e8694},
  author = {Martin Rosvall and Carl T. Bergstrom},
  editor = {Fabio Rapallo},
  title = {Mapping Change in Large Networks},
  journal = {{PLoS} {ONE}},
 entrysubtype={technical}
}
 
@article{Chavalarias2013,
  doi = {10.1371/journal.pone.0054847},
  url = {https://doi.org/10.1371/journal.pone.0054847},
  year = {2013},
  month = feb,
  publisher = {Public Library of Science ({PLoS})},
  volume = {8},
  number = {2},
  pages = {e54847},
  author = {David Chavalarias and Jean-Philippe Cointet},
  editor = {Eduardo G. Altmann},
  title = {Phylomemetic Patterns in Science Evolution{\textemdash}The Rise and Fall of Scientific Fields},
 entrysubtype={technical}
}

@article{roth2010,
  TITLE = {{Social and semantic coevolution in knowledge networks}},
  AUTHOR = {Roth, Camille and Cointet, Jean-Philippe},
  URL = {https://hal.archives-ouvertes.fr/hal-01401786},
  JOURNAL = {{Social Networks}},
  PUBLISHER = {{Elsevier}},
  VOLUME = {32},
  NUMBER = {1},
  PAGES = {16--29},
  YEAR = {2010},
  KEYWORDS = {socio-semantic network},
  HAL_ID = {hal-01401786},
  HAL_VERSION = {v1},
 entrysubtype={technical}
}

@article{Lalli2019a,
  doi = {10.1007/s11192-019-03327-1},
  url = {https://doi.org/10.1007/s11192-019-03327-1},
  year = {2019},
  month = dec,
  publisher = {Springer Science and Business Media {LLC}},
  volume = {122},
  number = {2},
  pages = {1129--1170},
  author = {Roberto Lalli and Riaz Howey and Dirk Wintergr\"{u}n},
  title = {The dynamics of collaboration networks and the history of general relativity,  1925{\textendash}1970},
 entrysubtype={technical},
 journal={Scientometrics}
}

@article{Nichols2014,
  doi = {10.1007/s11192-014-1319-2},
  url = {https://doi.org/10.1007/s11192-014-1319-2},
  year = {2014},
  month = may,
  publisher = {Springer Science and Business Media {LLC}},
  volume = {100},
  number = {3},
  pages = {741--754},
  author = {Leah G. Nichols},
  title = {A topic model approach to measuring interdisciplinarity at the National Science Foundation},
  journal = {Scientometrics}
}

@article{Shi2015,
  doi = {10.1016/j.socnet.2015.02.006},
  url = {https://doi.org/10.1016/j.socnet.2015.02.006},
  year = {2015},
  month = oct,
  publisher = {Elsevier {BV}},
  volume = {43},
  pages = {73--85},
  author = {Feng Shi and Jacob G. Foster and James A. Evans},
  title = {Weaving the fabric of science: Dynamic network models of science{\textquotesingle}s unfolding structure},
  journal = {Social Networks}
}

@inbook{Lalli2019b,
  title = {Toward a computational history of science: the dynamics of socio-epistemic networks and the renaissance of general relativity},
  ISBN = {9788833394022},
  url = {https://doi.org/10.12871/978883339402237},
  DOI = {10.12871/978883339402237},
  booktitle = {Atti del XXXIX Convegno annuale = Proceedings of the 39th Annual Conference; Pisa,  9-12 Settembre 2019; Società Italiana degli Storici della Fisica e dell’Astronomia (SISFA) / edited by Adele La Rana,  Paolo Rossi},
  publisher = {Pisa University Press},
  author = {Lalli,  Roberto},
 entrysubtype={technical}
}

@INCOLLECTION{Lemercier2015,
  title     = "12. Formal network methods in history: Why and how?",
  booktitle = "Social Networks, Political Institutions, and Rural Societies",
  author    = "Lemercier, Claire",
  publisher = "Brepols Publishers",
  pages     = "281--310",
  month     =  jan,
  year      =  2015,
  address   = "Turnhout"
}

@BOOK{Lazega2015,
  title     = "Multilevel network analysis for the social sciences",
  editor    = "Lazega, Emmanuel and Snijders, Tom",
  publisher = "Springer International Publishing",
  series    = "Methodos Series",
  edition   =  1,
  month     =  dec,
  year      =  2015,
  address   = "Cham, Switzerland",
  language  = "en"
}


@phdthesis{omodei_tel-01097702,
  TITLE = {{Modeling the socio-semantic dynamics of scientific communities}},
  AUTHOR = {Omodei, Elisa},
  URL = {https://tel.archives-ouvertes.fr/tel-01097702},
  NUMBER = {2014ENSU0005},
  SCHOOL = {{Ecole normale sup{\'e}rieure}},
  YEAR = {2014},
  MONTH = Dec,
  KEYWORDS = {Automatic term extraction ; Semantic networks ; Co-authorship networks ; Socio-semantic dynamics ; Dynamiques socio-semantiques ; Reseaux de collaboration ; Reseaux semantiques ; Extraction lexicale},
  TYPE = {Theses},
  PDF = {https://tel.archives-ouvertes.fr/tel-01097702/file/main.pdf},
  HAL_ID = {tel-01097702},
  HAL_VERSION = {v1},
 entrysubtype={technical}
}

@article{Leydesdorff2016,
  doi = {10.1002/asi.23740},
  url = {https://doi.org/10.1002/asi.23740},
  year = {2016},
  month = dec,
  publisher = {Wiley},
  volume = {68},
  number = {4},
  pages = {1024--1035},
  author = {Loet Leydesdorff and Adina Nerghes},
  title = {Co-word maps and topic modeling: A comparison using small and medium-sized corpora},
  journal = {Journal of the Association for Information Science and Technology},
 entrysubtype={technical}
}

@Book{hesse1980revolutions,
 author = {Hesse, Mary},
 title = {Revolutions and reconstructions in the philosophy of science},
 publisher = {Harvester Press},
 year = {1980},
 address = {Brighton, Sussex},
 isbn = {9780855272685},
 entrysubtype={secondaire}
 }

@article{Kageura1996,
  doi = {10.1075/term.3.2.03kag},
  url = {https://doi.org/10.1075/term.3.2.03kag},
  year = {1996},
  month = jan,
  publisher = {John Benjamins Publishing Company},
  volume = {3},
  number = {2},
  pages = {259--289},
  author = {Kyo Kageura and Bin Umino},
  title = {Methods of automatic term recognition},
  journal = {Terminology},
 entrysubtype={technical}
}

@article{Frantzi2000,
  doi = {10.1007/s007999900023},
  url = {https://doi.org/10.1007/s007999900023},
  year = {2000},
  month = aug,
  publisher = {Springer Science and Business Media {LLC}},
  volume = {3},
  number = {2},
  pages = {115--130},
  author = {Katerina Frantzi and Sophia Ananiadou and Hideki Mima},
  title = {Automatic recognition of multi-word terms:. the C-value/{NC}-value  method},
  journal = {International Journal on Digital Libraries},
 entrysubtype={technical}
}

@article{Beel2015_tfidf_uses,
  doi = {10.1007/s00799-015-0156-0},
  url = {https://doi.org/10.1007/s00799-015-0156-0},
  year = {2015},
  month = jul,
  publisher = {Springer Science and Business Media {LLC}},
  volume = {17},
  number = {4},
  pages = {305--338},
  author = {Joeran Beel and Bela Gipp and Stefan Langer and Corinna Breitinger},
  title = {Research-paper recommender systems: a literature survey},
  journal = {International Journal on Digital Libraries},
 entrysubtype={technical}
}


@article{Robertson2004_tfidf_justification,
  doi = {10.1108/00220410410560582},
  url = {https://doi.org/10.1108/00220410410560582},
  year = {2004},
  month = oct,
  publisher = {Emerald},
  volume = {60},
  number = {5},
  pages = {503--520},
  author = {Stephen Robertson},
  title = {Understanding inverse document frequency: on theoretical arguments for {IDF}},
  journal = {Journal of Documentation},
 entrysubtype={technical}
}

@article{omodei2016,
  doi = {10.1017/nws.2016.15},
  url = {https://doi.org/10.1017/nws.2016.15},
  year = {2016},
  month = jul,
  publisher = {Cambridge University Press ({CUP})},
  volume = {5},
  number = {2},
  pages = {235--246},
  author = {Elisa Omodei and Manlio De Domenico and Alex Arenas},
  title = {Evaluating the impact of interdisciplinary research: A multilayer network approach},
 entrysubtype={technical}
}

@inproceedings{omodei-etal-2014-reconstructing,
    title = "Reconstructing the Semantic Landscape of Natural Language Processing",
    author = "Omodei, Elisa  and
      Cointet, Jean-Philippe  and
      Poibeau, Thierry",
    booktitle = "Proceedings of the Ninth International Conference on Language Resources and Evaluation ({LREC}'14)",
    month = may,
    year = "2014",
    address = "Reykjavik, Iceland",
    publisher = "European Language Resources Association (ELRA)",
    url = "http://www.lrec-conf.org/proceedings/lrec2014/pdf/643_Paper.pdf",
    pages = "2972--2978",
    abstract = "This paper investigates the evolution of the computational linguistics domain through a quantitative analysis of the ACL Anthology (containing around 12,000 papers published between 1985 and 2008). Our approach combines complex system methods with natural language processing techniques. We reconstruct the socio-semantic landscape of the domain by inferring a co-authorship and a semantic network from the analysis of the corpus. First, keywords are extracted using a hybrid approach mixing linguistic patterns with statistical information. Then, the semantic network is built using a co-occurrence analysis of these keywords within the corpus. Combining temporal and network analysis techniques, we are able to examine the main evolutions of the field and the more active subfields over time. Lastly we propose a model to explore the mutual influence of the social and the semantic network over time, leading to a socio-semantic co-evolutionary system.",
    entrysubtype={technical}
}

 @inproceedings{Ammar2018,
  doi = {10.18653/v1/n18-3011},
  url = {https://doi.org/10.18653/v1/n18-3011},
  year = {2018},
  publisher = {Association for Computational Linguistics},
  author = {Waleed Ammar and Dirk Groeneveld and Chandra Bhagavatula and Iz Beltagy and Miles Crawford and Doug Downey and Jason Dunkelberger and Ahmed Elgohary and Sergey Feldman and Vu Ha and Rodney Kinney and Sebastian Kohlmeier and Kyle Lo and Tyler Murray and Hsu-Han Ooi and Matthew Peters and Joanna Power and Sam Skjonsberg and Lucy Wang and Chris Willhelm and Zheng Yuan and Madeleine Zuylen and  oren},
  title = {Construction of the Literature Graph in Semantic Scholar},
  booktitle = {Proceedings of the 2018 Conference of the North American Chapter of
		          the Association for Computational Linguistics: Human Language
		          Technologies,  Volume 3 (Industry Papers)},
 entrysubtype={technical}
}

@misc{connected_papers,
title = {Connected Papers},
url = {https://www.connectedpapers.com/about}
}

@misc{inflation_flatness,
title = {Inflationary Cosmology and the Horizon and Flatness Problems: The
Mutual Constitution of Explanation and Questions},
author = {Brawer Roberta},
url = {https://s3.cern.ch/inspire-prod-files-b/b11715bd3ecff0e22e0fdf99d5005ca0},
year = {1996},
publisher = {MIT},
 entrysubtype={secondaire}
}

@article{Guth1981,
  doi = {10.1103/physrevd.23.347},
  url = {https://doi.org/10.1103/physrevd.23.347},
  year = {1981},
  month = jan,
  publisher = {American Physical Society ({APS})},
  volume = {23},
  number = {2},
  pages = {347--356},
  author = {Alan H. Guth},
  title = {Inflationary universe: A possible solution to the horizon and flatness problems},
  journal = {Physical Review D},
  entrysubtype = {primaire}
}



@book{symmetries_in_physics,
   title =     {Symmetries in physics: philosophical reflections},
   author =    {Brading, Katherine;Castellani, Elena},
   publisher = {Cambridge University Press},
   isbn =      {9780521821377; 0521821371; 9780511061875; 0511061870; 9780521528894; 0521528895},
   year =      {2015},
   edition =   {Cambridge University Press
Year},
   url =       {libgen.li/file.php?md5=5a949dee7a009ab0a4e92a1625e0066a},
 entrysubtype={secondaire}
}

@Book{batterman2017the,
 author = {Batterman, Robert},
 title = {The Oxford handbook of philosophy of physics},
 publisher = {Oxford University Press},
 year = {2017},
 address = {New York},
 isbn = {9780190855185},
 entrysubtype={secondaire}
 }

@article{Gross1996,
  doi = {10.1073/pnas.93.25.14256},
  url = {https://doi.org/10.1073/pnas.93.25.14256},
  year = {1996},
  month = dec,
  publisher = {Proceedings of the National Academy of Sciences},
  volume = {93},
  number = {25},
  pages = {14256--14259},
  author = {D. J. Gross},
  title = {The role of symmetry in fundamental physics},
  journal = {Proceedings of the National Academy of Sciences},
 entrysubtype={primaire}
}


@book{randall_warped_2006,
	title = {Warped passages: unravelling the mysteries of the universe's hidden dimensions},
	shorttitle = {Warped passages},
	language = {eng},
	publisher = {Harper Collins: Ecco Press},
	author = {Randall, Lisa},
	year = {2006},
	entrysubtype={primaire}
}


@incollection{Giudice2008,
  doi = {10.1142/9789812779762_0010},
  url = {https://doi.org/10.1142/9789812779762_0010},
  year = {2008},
  month = jun,
  publisher = {World Scientific},
  pages = {155--178},
  author = {Giudice, Gian Francesco},
  title = {Naturally Speaking: The Naturalness Criterion and Physics at the {LHC}},
  booktitle = {Perspectives on {LHC} Physics},
 entrysubtype={primaire}
}


@article{CarreteroSahuquillo2019,
  doi = {10.1016/j.shpsb.2019.06.003},
  url = {https://doi.org/10.1016/j.shpsb.2019.06.003},
  year = {2019},
  month = nov,
  publisher = {Elsevier {BV}},
  volume = {68},
  pages = {51--61},
  author = {Miguel Ángel Carretero Sahuquillo},
  title = {The charm quark as a naturalness success},
  journal = {Studies in History and Philosophy of Science Part B: Studies in History and Philosophy of Modern Physics},
  entrysubtype = {secondaire}
}

@misc{Giudice2017,
  doi = {10.48550/ARXIV.1710.07663},
  url = {https://arxiv.org/abs/1710.07663},
  author = {Giudice,  Gian Francesco},
  keywords = {History and Philosophy of Physics (physics.hist-ph),  High Energy Physics - Experiment (hep-ex),  High Energy Physics - Phenomenology (hep-ph),  High Energy Physics - Theory (hep-th),  FOS: Physical sciences,  FOS: Physical sciences},
  title = {The Dawn of the Post-Naturalness Era},
  publisher = {arXiv},
  year = {2017},
  copyright = {arXiv.org perpetual,  non-exclusive license},
  entrysubtype = {primaire}
}

@article{ArkaniHamed2005,
  doi = {10.1088/1126-6708/2005/06/073},
  url = {https://doi.org/10.1088/1126-6708/2005/06/073},
  year = {2005},
  month = jun,
  publisher = {Springer Science and Business Media {LLC}},
  volume = {2005},
  number = {06},
  pages = {073--073},
  author = {Nima Arkani-Hamed and Savas Dimopoulos},
  title = {Supersymmetric unification without low energy supersymmetry and signatures for fine-tuning at the {LHC}},
  journal = {Journal of High Energy Physics},
  entrysubtype = {primaire}
}

@article{Giudice2004,
  doi = {10.1016/j.nuclphysb.2004.08.001},
  url = {https://doi.org/10.1016/j.nuclphysb.2004.08.001},
  year = {2004},
  month = nov,
  publisher = {Elsevier {BV}},
  volume = {699},
  number = {1-2},
  pages = {65--89},
  author = {Gian Francesco Giudice and A. Romanino},
  title = {Split supersymmetry},
  journal = {Nuclear Physics B},
  entrysubtype = {primaire}
}

@article{Williams2015,
  doi = {10.1016/j.shpsb.2015.05.003},
  url = {https://doi.org/10.1016/j.shpsb.2015.05.003},
  year = {2015},
  month = aug,
  publisher = {Elsevier {BV}},
  volume = {51},
  pages = {82--96},
  author = {Porter Williams},
  title = {Naturalness,  the autonomy of scales,  and the 125GeV Higgs},
  journal = {Studies in History and Philosophy of Science Part B: Studies in History and Philosophy of Modern Physics},
  entrysubtype = {secondaire}
}

@article{Williams2018,
  doi = {10.1007/s10701-018-0229-1},
  url = {https://doi.org/10.1007/s10701-018-0229-1},
  year = {2018},
  month = dec,
  publisher = {Springer Science and Business Media {LLC}},
  volume = {49},
  number = {9},
  pages = {1022--1050},
  author = {Porter Williams},
  title = {Two Notions of Naturalness},
  journal = {Foundations of Physics},
  entrysubtype = {secondaire}
}

@article{Wilson1971,
  doi = {10.1103/physrevd.3.1818},
  url = {https://doi.org/10.1103/physrevd.3.1818},
  year = {1971},
  month = apr,
  publisher = {American Physical Society ({APS})},
  volume = {3},
  number = {8},
  pages = {1818--1846},
  author = {Kenneth G. Wilson},
  title = {Renormalization Group and Strong Interactions},
  journal = {Physical Review D},
  entrysubtype = {primaire}
}

@article{Gildener1976,
  doi = {10.1103/physrevd.14.1667},
  url = {https://doi.org/10.1103/physrevd.14.1667},
  year = {1976},
  month = sep,
  publisher = {American Physical Society ({APS})},
  volume = {14},
  number = {6},
  pages = {1667--1672},
  author = {Eldad Gildener},
  title = {Gauge-symmetry hierarchies},
  journal = {Physical Review D},
  entrysubtype = {primaire}
}

@article{Susskind1979,
  doi = {10.1103/physrevd.20.2619},
  url = {https://doi.org/10.1103/physrevd.20.2619},
  year = {1979},
  month = nov,
  publisher = {American Physical Society ({APS})},
  volume = {20},
  number = {10},
  pages = {2619--2625},
  author = {Leonard Susskind},
  title = {Dynamics of spontaneous symmetry breaking in the Weinberg-Salam theory},
  journal = {Physical Review D},
  entrysubtype = {primaire}
}

@incollection{Hooft1980,
  doi = {10.1007/978-1-4684-7571-5_9},
  url = {https://doi.org/10.1007/978-1-4684-7571-5_9},
  year = {1980},
  publisher = {Springer {US}},
  pages = {135--157},
  author = {'t Hooft, G.},
  title = {Naturalness,  Chiral Symmetry,  and Spontaneous Chiral Symmetry Breaking},
  booktitle = {Recent Developments in Gauge Theories},
  entrysubtype = {primaire}
}

@article{Anderson1995a,
  doi = {10.1016/0370-2693(95)00051-l},
  url = {https://doi.org/10.1016/0370-2693(95)00051-l},
  year = {1995},
  month = mar,
  publisher = {Elsevier {BV}},
  volume = {347},
  number = {3-4},
  pages = {300--308},
  author = {Greg W. Anderson and Diego J. Casta{\~{n}}o},
  title = {Measures of fine tuning},
  journal = {Physics Letters B},
  entrysubtype = {primaire}
}

@article{deCarlos1993,
  doi = {10.1016/0370-2693(93)90940-j},
  url = {https://doi.org/10.1016/0370-2693(93)90940-j},
  year = {1993},
  month = jul,
  publisher = {Elsevier {BV}},
  volume = {309},
  number = {3-4},
  pages = {320--328},
  author = {B. de Carlos and J.A. Casas},
  title = {One-loop analysis of the electroweak breaking in supersymmetric models and the fine-tuning problem},
  journal = {Physics Letters B},
  entrysubype = {primaire}
}

@article{Anderson1995b,
  doi = {10.1103/physrevd.52.1693},
  url = {https://doi.org/10.1103/physrevd.52.1693},
  year = {1995},
  month = aug,
  publisher = {American Physical Society ({APS})},
  volume = {52},
  number = {3},
  pages = {1693--1700},
  author = {Greg W. Anderson and Diego J. Casta{\~{n}}o},
  title = {Naturalness and superpartner masses or when to give up on weak scale supersymmetry},
  journal = {Physical Review D},
  entrysubtype = {primaire}
}

@article{Wallace2019,
  doi = {10.1093/monist/onz022},
  url = {https://doi.org/10.1093/monist/onz022},
  year = {2019},
  month = sep,
  publisher = {Oxford University Press ({OUP})},
  volume = {102},
  number = {4},
  pages = {499--524},
  author = {David Wallace},
  title = {Naturalness and Emergence},
  journal = {The Monist},
  entrysubtype = {primaire}
}

@article{Cartwright1995,
	year = {1995},
	volume = {44},
	journal = {Poznan Studies in the Philosophy of the Sciences and the Humanities},
	title = {The Tool Box of Science: Tools for the Building of Models with a Superconductivity Example},
	pages = {137--149},
	author = {Nancy Cartwright and Towfic Shomar and Mauricio Suárez},
	url = {https://philpapers.org/rec/CARTTB-3},
	entrysubtype = {secondaire}
}

@article{Wilson1986,
  doi = {10.1063/1.881034},
  url = {https://doi.org/10.1063/1.881034},
  year = {1986},
  month = jul,
  publisher = {{AIP} Publishing},
  volume = {39},
  number = {7},
  pages = {26--30},
  author = {Robert R. Wilson},
  title = {The Sentiment of the Unity of Physics},
  journal = {Physics Today},
  entrysubtype = {primaire}
}

@article{Cat1998,
  doi = {10.2307/27757796},
  url = {https://doi.org/10.2307/27757796},
  year = {1998},
  month = jan,
  publisher = {University of California Press},
  volume = {28},
  number = {2},
  pages = {253--299},
  author = {Jordi Cat},
  title = {The Physicists{\textquotesingle} Debates on Unification in Physics at the End of the 20th Century},
  journal = {Historical Studies in the Physical and Biological Sciences},
  entrysubtype = {secondaire}
}

@inbook{Morrison1999, place={Cambridge}, series={Ideas in Context}, title={Models as mediating instruments}, doi={10.1017/CBO9780511660108.003}, booktitle={Models as Mediators: Perspectives on Natural and Social Science},
publisher={Cambridge University Press}, author={Morrison, Margaret and Morgan, Mary S.},
editor={Morgan, Mary S. and Morrison, MargaretEditors},
year={1999},
pages={10–37},
collection={Ideas in Context},
entrysubtype = {secondaire}
}

@inbook{Hartmann1999,
   place={Cambridge},
   series={Ideas in Context}, title={Models and stories in hadron physics}, DOI={10.1017/CBO9780511660108.012}, booktitle={Models as Mediators: Perspectives on Natural and Social Science},
   publisher={Cambridge University Press}, author={Hartmann, Stephan}, editor={Morgan, Mary S. and Morrison, MargaretEditors},
   year={1999},
   pages={326–346},
   collection={Ideas in Context},
   entrysubtype = {secondaire}
   }
   
   @article{Morrison2007,
  doi = {10.1086/520778},
  url = {https://doi.org/10.1086/520778},
  year = {2007},
  month = apr,
  publisher = {Cambridge University Press ({CUP})},
  volume = {74},
  number = {2},
  pages = {195--228},
  author = {Margaret Morrison},
  title = {Where Have All the Theories Gone?},
  journal = {Philosophy of Science},
  entrysubtype = {secondaire}
}

@article{Borrelli2012,
  doi = {10.1016/j.shpsb.2012.04.003},
  url = {https://doi.org/10.1016/j.shpsb.2012.04.003},
  year = {2012},
  month = aug,
  publisher = {Elsevier {BV}},
  volume = {43},
  number = {3},
  pages = {195--214},
  author = {Arianna Borrelli},
  title = {The case of the composite Higgs: The model as a {\textquotedblleft}Rosetta stone{\textquotedblright} in contemporary high-energy physics},
  journal = {Studies in History and Philosophy of Science Part B: Studies in History and Philosophy of Modern Physics},
  entrysubtype={secondaire}
}



@incollection{Borrelli2015,
  doi = {10.1163/9789004184121_006},
  url = {https://doi.org/10.1163/9789004184121_006},
  year = {2015},
  month = jan,
  publisher = {{Brill}},
  pages = {69--83},
  title = {Between Logos and Mythos: Narratives of Naturalness in Today's Particle Physics Community},
  booktitle = {Narrated Communities - Narrated Realities},
  author = {Arianna Borrelli},
  entrysubtype={secondaire}
}

@article{Borrelli2019,
  doi = {10.1007/s10701-019-00287-7},
  url = {https://doi.org/10.1007/s10701-019-00287-7},
  year = {2019},
  month = aug,
  publisher = {Springer Science and Business Media {LLC}},
  volume = {49},
  number = {9},
  pages = {860--878},
  author = {Arianna Borrelli and Elena Castellani},
  title = {The Practice of Naturalness: A Historical-Philosophical Perspective},
  journal = {Foundations of Physics},
 entrysubtype={secondaire}
}

@article{Hossenfelder2019,
  doi = {10.1007/s11229-019-02377-5},
  url = {https://doi.org/10.1007/s11229-019-02377-5},
  year = {2019},
  month = sep,
  publisher = {Springer Science and Business Media {LLC}},
  volume = {198},
  number = {S16},
  pages = {3727--3745},
  author = {Sabine Hossenfelder},
  title = {Screams for explanation: finetuning and naturalness in the foundations of physics},
  journal = {Synthese},
  entrysubtype={primaire}
}

@unpublished{Fischer2022,
author = {Fischer, Enno},
title = {Naturalness and the Forward-Looking Justification of Scientific Principles},
year = {2022},
month = feb,
note = "non publié",
 entrysubtype={secondaire}
}

@article{Wells2021,
    author = "Wells, James D.",
    title = "{Evaluation and Utility of Wilsonian Naturalness}",
    eprint = "2107.06082",
    archivePrefix = "arXiv",
    primaryClass = "hep-ph",
    month = "7",
    year = "2021",
    entrysubtype = {primaire}
}

@article{Peccei1977,
  doi = {10.1103/physrevlett.38.1440},
  url = {https://doi.org/10.1103/physrevlett.38.1440},
  year = {1977},
  month = jun,
  publisher = {American Physical Society ({APS})},
  volume = {38},
  number = {25},
  pages = {1440--1443},
  author = {R. D. Peccei and Helen R. Quinn},
  title = {$CP$ Conservation in the Presence of Pseudoparticles},
  journal = {Physical Review Letters},
  entrysubtype = {primaire}
}

@article{Weinberg1989,
  doi = {10.1103/revmodphys.61.1},
  url = {https://doi.org/10.1103/revmodphys.61.1},
  year = {1989},
  month = jan,
  publisher = {American Physical Society ({APS})},
  volume = {61},
  number = {1},
  pages = {1--23},
  author = {Steven Weinberg},
  title = {The cosmological constant problem},
  journal = {Reviews of Modern Physics},
  entrysubtype = {primaire}
}

@incollection{Burgess2015,
  doi = {10.1093/acprof:oso/9780198728856.003.0004},
  url = {https://doi.org/10.1093/acprof:oso/9780198728856.003.0004},
  year = {2015},
  month = feb,
  publisher = {Oxford University Press},
  pages = {148--197},
  author = {C. P. Burgess},
  title = {The cosmological constant problem: why it's hard to get dark energy from microphysics},
  booktitle = {Post-Planck Cosmology},
  entrysubtype = {primaire}
}

@article{Planck2015,
  doi = {10.1051/0004-6361/201525830},
  url = {https://doi.org/10.1051/0004-6361/201525830},
  year = {2016},
  month = sep,
  publisher = {{EDP} Sciences},
  volume = {594},
  pages = {A13},
  author = {P. A. R. Ade and N. Aghanim and M. Arnaud and M. Ashdown and J. Aumont and C. Baccigalupi and A. J. Banday and R. B. Barreiro and J. G. Bartlett and N. Bartolo and E. Battaner and R. Battye and K. Benabed and A. Beno{\^{\i}}t and A. Benoit-L{\'{e}}vy and J.-P. Bernard and M. Bersanelli and P. Bielewicz and J. J. Bock and A. Bonaldi and L. Bonavera and J. R. Bond and J. Borrill and F. R. Bouchet and F. Boulanger and M. Bucher and C. Burigana and R. C. Butler and E. Calabrese and J.-F. Cardoso and A. Catalano and A. Challinor and A. Chamballu and R.-R. Chary and H. C. Chiang and J. Chluba and P. R. Christensen and S. Church and D. L. Clements and S. Colombi and L. P. L. Colombo and C. Combet and A. Coulais and B. P. Crill and A. Curto and F. Cuttaia and L. Danese and R. D. Davies and R. J. Davis and P. de Bernardis and A. de Rosa and G. de Zotti and J. Delabrouille and F.-X. D{\'{e}}sert and E. Di Valentino and C. Dickinson and J. M. Diego and K. Dolag and H. Dole and S. Donzelli and O. Dor{\'{e}} and M. Douspis and A. Ducout and J. Dunkley and X. Dupac and G. Efstathiou and F. Elsner and T. A. En{\ss}lin and H. K. Eriksen and M. Farhang and J. Fergusson and F. Finelli and O. Forni and M. Frailis and A. A. Fraisse and E. Franceschi and A. Frejsel and S. Galeotta and S. Galli and K. Ganga and C. Gauthier and M. Gerbino and T. Ghosh and M. Giard and Y. Giraud-H{\'{e}}raud and E. Giusarma and E. Gjerl{\o}w and J. Gonz{\'{a}}lez-Nuevo and K. M. G{\'{o}}rski and S. Gratton and A. Gregorio and A. Gruppuso and J. E. Gudmundsson and J. Hamann and F. K. Hansen and D. Hanson and D. L. Harrison and G. Helou and S. Henrot-Versill{\'{e}} and C. Hern{\'{a}}ndez-Monteagudo and D. Herranz and S. R. Hildebrandt and E. Hivon and M. Hobson and W. A. Holmes and A. Hornstrup and W. Hovest and Z. Huang and K. M. Huffenberger and G. Hurier and A. H. Jaffe and T. R. Jaffe and W. C. Jones and M. Juvela and E. Keih\"{a}nen and R. Keskitalo and T. S. Kisner and R. Kneissl and J. Knoche and L. Knox and M. Kunz and H. Kurki-Suonio and G. Lagache and A. L\"{a}hteenm\"{a}ki and J.-M. Lamarre and A. Lasenby and M. Lattanzi and C. R. Lawrence and J. P. Leahy and R. Leonardi and J. Lesgourgues and F. Levrier and A. Lewis and M. Liguori and P. B. Lilje and M. Linden-V{\o}rnle and M. L{\'{o}}pez-Caniego and P. M. Lubin and J. F. Mac{\'{\i}}as-P{\'{e}}rez and G. Maggio and D. Maino and N. Mandolesi and A. Mangilli and A. Marchini and M. Maris and P. G. Martin and M. Martinelli and E. Mart{\'{\i}}nez-Gonz{\'{a}}lez and S. Masi and S. Matarrese and P. McGehee and P. R. Meinhold and A. Melchiorri and J.-B. Melin and L. Mendes and A. Mennella and M. Migliaccio and M. Millea and S. Mitra and M.-A. Miville-Desch{\^{e}}nes and A. Moneti and L. Montier and G. Morgante and D. Mortlock and A. Moss and D. Munshi and J. A. Murphy and P. Naselsky and F. Nati and P. Natoli and C. B. Netterfield and H. U. N{\o}rgaard-Nielsen and F. Noviello and D. Novikov and I. Novikov and C. A. Oxborrow and F. Paci and L. Pagano and F. Pajot and R. Paladini and D. Paoletti and B. Partridge and F. Pasian and G. Patanchon and T. J. Pearson and O. Perdereau and L. Perotto and F. Perrotta and V. Pettorino and F. Piacentini and M. Piat and E. Pierpaoli and D. Pietrobon and S. Plaszczynski and E. Pointecouteau and G. Polenta and L. Popa and G. W. Pratt and G. Pr{\'{e}}zeau and S. Prunet and J.-L. Puget and J. P. Rachen and W. T. Reach and R. Rebolo and M. Reinecke and M. Remazeilles and C. Renault and A. Renzi and I. Ristorcelli and G. Rocha and C. Rosset and M. Rossetti and G. Roudier and B. Rouill{\'{e}} d'Orfeuil and M. Rowan-Robinson and J. A. Rubi{\~{n}}o-Mart{\'{\i}}n and B. Rusholme and N. Said and V. Salvatelli and L. Salvati and M. Sandri and D. Santos and M. Savelainen and G. Savini and D. Scott and M. D. Seiffert and P. Serra and E. P. S. Shellard and L. D. Spencer and M. Spinelli and V. Stolyarov and R. Stompor and R. Sudiwala and R. Sunyaev and D. Sutton and A.-S. Suur-Uski and J.-F. Sygnet and J. A. Tauber and L. Terenzi and L. Toffolatti and M. Tomasi and M. Tristram and T. Trombetti and M. Tucci and J. Tuovinen and M. T\"{u}rler and G. Umana and L. Valenziano and J. Valiviita and F. Van Tent and P. Vielva and F. Villa and L. A. Wade and B. D. Wandelt and I. K. Wehus and M. White and S. D. M. White and A. Wilkinson and D. Yvon and A. Zacchei and A. Zonca},
  title = {\emph{Planck} 2015 results},
  journal = {Astronomy \& Astrophysics}
}

@article{Antoniadis_1183648,
      author        = "Antoniadis, I and Tziveloglou, P",
      title         = "{Beyond the Standard Model: supersymmetry}",
      pages         = "30 p",
      year          = "2009",
      url           = "http://cds.cern.ch/record/1183648",
      doi           = "10.5170/CERN-2009-002.157",
 entrysubtype={primaire}
}

@article{Coleman1967,
  doi = {10.1103/physrev.159.1251},
  url = {https://doi.org/10.1103/physrev.159.1251},
  year = {1967},
  month = jul,
  publisher = {American Physical Society ({APS})},
  volume = {159},
  number = {5},
  pages = {1251--1256},
  author = {Sidney Coleman and Jeffrey Mandula},
  title = {All Possible Symmetries of the $S$-Matrix},
  journal = {Physical Review},
  entrysubtype = {primaire}
}

@Book{weinberg1995the,
 author = {Weinberg, Steven},
 title = {The quantum theory of fields},
 subtitle = {Supersymmetry},
 volume = {III},
 publisher = {Cambridge University Press},
 year = {1995},
 address = {Cambridge New York},
 isbn = {9780521660006},
 entrysubtype={primaire}
 }

@article{Salam1974,
  doi = {10.1016/0550-3213(74)90537-9},
  url = {https://doi.org/10.1016/0550-3213(74)90537-9},
  year = {1974},
  month = jul,
  publisher = {Elsevier {BV}},
  volume = {76},
  number = {3},
  pages = {477--482},
  author = {Abdus Salam and J. Strathdee},
  title = {Super-gauge transformations},
  journal = {Nuclear Physics B},
  entrysubtype={primaire}
}

@article{Weinberg1977,
  doi = {10.1063/1.3037498},
  url = {https://doi.org/10.1063/1.3037498},
  year = {1977},
  month = apr,
  publisher = {{AIP} Publishing},
  volume = {30},
  number = {4},
  pages = {42--50},
  author = {Steven Weinberg},
  title = {The future of unified gauge theories},
  journal = {Physics Today},
  entrysubtype = {primaire}
}

@article{Weinberg1978,
    author = "Weinberg, Steven",
    title = "{Gauge Hierarchies}",
    reportNumber = "HUTP-78/A060",
    doi = "10.1016/0370-2693(79)90248-X",
    journal = "Phys. Lett. B",
    volume = "82",
    pages = "387--391",
    year = "1979"
}

@inproceedings{Freedman1978zi,
    author = "Freedman, D. Z.",
    title = "{Review of Supersymmetry and Supergravity}",
    booktitle = "{19th International Conference on High-Energy Physics}",
    reportNumber = "ITP-SB-78-54",
    pages = "535--548",
    year = "1979",
 entrysubtype={primaire}
}

@article{Fayet1976cr,
    author = "Fayet, Pierre and Ferrara, S.",
    title = "{Supersymmetry}",
    reportNumber = "LPTENS-76-11",
    doi = "10.1016/0370-1573(77)90066-7",
    journal = "Phys. Rept.",
    volume = "32",
    pages = "249--334",
    year = "1977",
    entrysubtype={primaire}
}

@article{Dimopoulos1981,
  doi = {10.1016/0550-3213(81)90522-8},
  url = {https://doi.org/10.1016/0550-3213(81)90522-8},
  year = {1981},
  month = dec,
  publisher = {Elsevier {BV}},
  volume = {193},
  number = {1},
  pages = {150--162},
  author = {Savas Dimopoulos and Howard Georgi},
  title = {Softly broken supersymmetry and {SU}(5)},
  journal = {Nuclear Physics B},
  entrysubtype = {primaire}
}

@article{Witten1981,
  doi = {10.1016/0550-3213(81)90006-7},
  url = {https://doi.org/10.1016/0550-3213(81)90006-7},
  year = {1981},
  month = oct,
  publisher = {Elsevier {BV}},
  volume = {188},
  number = {3},
  pages = {513--554},
  author = {Edward Witten},
  title = {Dynamical breaking of supersymmetry},
  journal = {Nuclear Physics B},
  entrysubtype = {primaire}
}

@inproceedings{Witten1982de,
    author = "Witten, Edward",
    title = "{Introduction to supersymmetry}",
    booktitle = "{19th International School of Subnuclear Physics: The Unity of the Fundamental Interactions}",
    reportNumber = "PRINT-82-0165 (PRINCETON)",
    pages = "305",
    month = "3",
    year = "1982",
    entrysubtype={primaire}
}

@article{Taylor1983su,
    author = "Taylor, J. G.",
    title = "{A Review of Supersymmetry and Supergravity}",
    reportNumber = "Print-83-0908 (KING'S COLL)",
    doi = "10.1016/0146-6410(84)90002-4",
    journal = "Prog. Part. Nucl. Phys.",
    volume = "12",
    pages = "1--101",
    year = "1984",
 entrysubtype={primaire}
}

@Book{gates1983superspace,
 author = {Gates,  S. J. and Grisaru,  M. T. and Rocek,  M. and Siegel,  W.},
 title = {{Superspace, or One thousand and one lessons in supersymmetry}},
 publisher = {Benjamin/Cummings Pub. Co},
 year = {1983},
 isbn = {0805331603},
 entrysubtype={primaire}
 }
 
 @inproceedings{Higashijima2000wx,
    author = "Higashijima, Kiyoshi and Nitta, Muneto",
    title = "{Supersymmetric nonlinear sigma models}",
    booktitle = "{International Symposium on Quantum Chromodynamics (QCD) and Color Confinement (Confinement 2000)}",
    eprint = "hep-th/0006025",
    archivePrefix = "arXiv",
    reportNumber = "OU-HET-348, TIT-HET-448",
    pages = "279--286",
    month = "6",
    year = "2000",
    entrysubtype={primaire}
}

@article{Sorokin2010wn,
    author = "Sorokin, Dmitri and Wulff, Linus",
    title = "{Evidence for the classical integrability of the complete $AdS_4 x CP^3$ superstring}",
    eprint = "1009.3498",
    archivePrefix = "arXiv",
    primaryClass = "hep-th",
    reportNumber = "MIFPA-01-41",
    doi = "10.1007/JHEP11(2010)143",
    journal = "JHEP",
    volume = "11",
    pages = "143",
    year = "2010",
    entrysubtype={primaire}
}

@book{Kane1998,
  doi = {10.1142/3865},
  url = {https://doi.org/10.1142/3865},
  year = {1998},
  month = jul,
  publisher = {{WORLD} {SCIENTIFIC}},
  author = {Gordon L. Kane},
  title = {Perspectives on Supersymmetry},
 entrysubtype={primaire}
}

@Book{kane2000supersymmetry,
 author = {Kane, G. L.},
 title = {Supersymmetry : squarks, photinos, and the unveiling of the ultimate laws of nature},
 publisher = {Perseus Pub},
 year = {2000},
 address = {Cambridge, Mass},
 isbn = {9780738202037},
 entrysubtype={primaire}
 }
 
 @BOOK{Hooper2008,
 title = {Nature's blueprint},
 subtitle = {Supersymmetry and the search for a unified theory of matter and force},
  author    = "Hooper, Dan",
  publisher = "HarperCollins e-books",
 author = {Hooper, Dan},
 year = {2008},
 address = {Washington, D.C. New York, NY},
 isbn = {9780061558368},
 entrysubtype={primaire}
}


@book{Kane2010,
  doi = {10.1142/7763},
  url = {https://doi.org/10.1142/7763},
  year = {2010},
  month = apr,
  publisher = {{WORLD} {SCIENTIFIC}},
  author = {Gordon L Kane},
  title = {Perspectives on Supersymmetry {II}},
 entrysubtype={primaire}
}

@Book{Hooper2008,
 author = {Hooper, Dan},
 title = {Nature's blueprint : supersymmetry and the search for a unified theory of matter and force},
 publisher = {Smithsonian Books Collins},
 year = {2008},
 address = {Washington, D.C. New York, NY},
 isbn = {9780061558368},
 entrysubtype={primaire}
 }
 
 

@Book{kane2000the,
 editor = {Kane, G. L. and Shifman, Mikhail},
 title = {The supersymmetric world},
 subtitle = {The beginnings of the theory},
 publisher = {World Scientific},
 year = {2000},
 address = {Singapore River Edge, N.J},
 isbn = {9810245394},
 entrysubtype={primaire}
 }
 
 @inproceedings{Shifman2010,
  doi = {10.1142/9789814335614_0007},
  url = {https://doi.org/10.1142/9789814335614_0007},
  year = {2010},
  month = nov,
  publisher = {{WORLD} {SCIENTIFIC}},
  author = {Mikhail Shifman},
  title = {Understanding Confinement in QCD: Elements of a Big Picture},
  booktitle = {Proceedings of the Conference in Honour of Murray Gell-Mann{\textquotesingle}s 80th Birthday},
  entrysubtype={primaire}
}
 
 @article{SHIFMAN2012,
  doi = {10.1142/s0217732312300431},
  url = {https://doi.org/10.1142/s0217732312300431},
  year = {2012},
  month = dec,
  publisher = {World Scientific Pub Co Pte Lt},
  volume = {27},
  number = {40},
  pages = {1230043},
  author = {Shifman, Mikhail},
  title = {Frontiers Beyond the Standard Model: Reflections and Impressionistic Portrait of the Conference},
  journal = {Modern Physics Letters A},
 entrysubtype={primaire}
}

@article{Shifman2020,
  doi = {10.1142/s0217732320300037},
  url = {https://doi.org/10.1142/s0217732320300037},
  year = {2020},
  month = feb,
  publisher = {World Scientific Pub Co Pte Lt},
  volume = {35},
  number = {07},
  pages = {2030003},
  author = {Mikhail Shifman},
  title = {Musings on the current status of {HEP}},
  journal = {Modern Physics Letters A},
  entrysubtype={primaire}
}

@article{Sourlas1985,
  doi = {10.1016/0167-2789(85)90153-8},
  url = {https://doi.org/10.1016/0167-2789(85)90153-8},
  year = {1985},
  month = feb,
  publisher = {Elsevier {BV}},
  volume = {15},
  number = {1-2},
  pages = {115--122},
  author = {Nicolas Sourlas},
  title = {Introduction to supersymmetry in condensed matter physics},
 entrysubtype={primaire}
}

@article{Dimopoulos1990,
  doi = {10.1016/0370-2693(90)90612-a},
  url = {https://doi.org/10.1016/0370-2693(90)90612-a},
  year = {1990},
  month = aug,
  publisher = {Elsevier {BV}},
  volume = {246},
  number = {3-4},
  pages = {347--352},
  author = {Savas Dimopoulos},
  title = {{LHC},  {SSC} and the universe},
  journal = {Physics Letters B},
  entrysubtype = {primaire}
}

@article{xenon1t,
  doi = {10.1103/physrevlett.121.111302},
  url = {https://doi.org/10.1103/physrevlett.121.111302},
  year = {2018},
  month = sep,
  publisher = {American Physical Society ({APS})},
  volume = {121},
  number = {11},
  author = {E. Aprile and J. Aalbers and F. Agostini and M. Alfonsi and L. Althueser and F.{\hspace{0.167em}}D. Amaro and M. Anthony and F. Arneodo and L. Baudis and B. Bauermeister and M.{\hspace{0.167em}}L. Benabderrahmane and T. Berger and P.{\hspace{0.167em}}A. Breur and A. Brown and A. Brown and E. Brown and S. Bruenner and G. Bruno and R. Budnik and C. Capelli and J.{\hspace{0.167em}}M.{\hspace{0.167em}}R. Cardoso and D. Cichon and D. Coderre and A.{\hspace{0.167em}}P. Colijn and J. Conrad and J.{\hspace{0.167em}}P. Cussonneau and M.{\hspace{0.167em}}P. Decowski and P. de Perio and P. Di Gangi and A. Di Giovanni and S. Diglio and A. Elykov and G. Eurin and J. Fei and A.{\hspace{0.167em}}D. Ferella and A. Fieguth and W. Fulgione and A. Gallo Rosso and M. Galloway and F. Gao and M. Garbini and C. Geis and L. Grandi and Z. Greene and H. Qiu and C. Hasterok and E. Hogenbirk and J. Howlett and R. Itay and F. Joerg and B. Kaminsky and S. Kazama and A. Kish and G. Koltman and H. Landsman and R.{\hspace{0.167em}}F. Lang and L. Levinson and Q. Lin and S. Lindemann and M. Lindner and F. Lombardi and J.{\hspace{0.167em}}A.{\hspace{0.167em}}M. Lopes and J. Mahlstedt and A. Manfredini and T. Marrod{\'{a}}n Undagoitia and J. Masbou and D. Masson and M. Messina and K. Micheneau and K. Miller and A. Molinario and K. Mor{\aa} and M. Murra and J. Naganoma and K. Ni and U. Oberlack and B. Pelssers and F. Piastra and J. Pienaar and V. Pizzella and G. Plante and R. Podviianiuk and N. Priel and D. Ram{\'{\i}}rez Garc{\'{\i}}a and L. Rauch and S. Reichard and C. Reuter and B. Riedel and A. Rizzo and A. Rocchetti and N. Rupp and J.{\hspace{0.167em}}M.{\hspace{0.167em}}F. dos Santos and G. Sartorelli and M. Scheibelhut and S. Schindler and J. Schreiner and D. Schulte and M. Schumann and L. Scotto Lavina and M. Selvi and P. Shagin and E. Shockley and M. Silva and H. Simgen and D. Thers and F. Toschi and G. Trinchero and C. Tunnell and N. Upole and M. Vargas and O. Wack and H. Wang and Z. Wang and Y. Wei and C. Weinheimer and C. Wittweg and J. Wulf and J. Ye and Y. Zhang and T. Zhu and},
  title = {Dark Matter Search Results from a One Ton-Year Exposure of {XENON}1T},
  journal = {Physical Review Letters},
 entrysubtype={primaire}
}

@article{Jungman1996,
  doi = {10.1016/0370-1573(95)00058-5},
  url = {https://doi.org/10.1016/0370-1573(95)00058-5},
  year = {1996},
  month = mar,
  publisher = {Elsevier {BV}},
  volume = {267},
  number = {5-6},
  pages = {195--373},
  author = {Gerard Jungman and Marc Kamionkowski and Kim Griest},
  title = {Supersymmetric dark matter},
  journal = {Physics Reports},
 entrysubtype={primaire}
}

@article{Drees2012ji,
    author = "Drees, Manuel and Gerbier, Gilles",
    title = "{Mini-Review of Dark Matter: 2012}",
    eprint = "1204.2373",
    archivePrefix = "arXiv",
    primaryClass = "hep-ph",
    month = "4",
    year = "2012",
 entrysubtype={primaire}
}

%%% LHC
@article{Adam2022,
  doi = {10.1142/s0217751x21300222},
  url = {https://doi.org/10.1142/s0217751x21300222},
  year = {2022},
  month = jan,
  publisher = {World Scientific Pub Co Pte Ltd},
  volume = {37},
  number = {02},
  author = {Wolfgang Adam and Iacopo Vivarelli},
  title = {Status of searches for electroweak-scale supersymmetry after {LHC} Run 2},
  journal = {International Journal of Modern Physics A},
  entrysubtype = {primaire}
}

@article{ATLAS_2012yve_higgs,
    author = "Aad, Georges and others",
    collaboration = "ATLAS",
    title = "{Observation of a new particle in the search for the Standard Model Higgs boson with the ATLAS detector at the LHC}",
    eprint = "1207.7214",
    archivePrefix = "arXiv",
    primaryClass = "hep-ex",
    reportNumber = "CERN-PH-EP-2012-218",
    doi = "10.1016/j.physletb.2012.08.020",
    journal = "Phys. Lett. B",
    volume = "716",
    pages = "1--29",
    year = "2012",
 entrysubtype={primaire}
}

@article{Khachatryan2014,
  doi = {10.1007/jhep10(2014)160},
  url = {https://doi.org/10.1007/jhep10(2014)160},
  year = {2014},
  month = oct,
  publisher = {Springer Science and Business Media {LLC}},
  volume = {2014},
  number = {10},
  author = {{Collaboration CMS}},
  title = {Search for neutral {MSSM} Higgs bosons decaying to a pair of tau leptons in pp collisions},
  journal = {Journal of High Energy Physics},
  entrysubtype = {primaire}
}

@article{PhysRevD.103.112006,
  title = {Search for new phenomena in events with an energetic jet and missing transverse momentum in $pp$ collisions at $\sqrt{s}=13\text{ }\text{ }\mathrm{TeV}$ with the ATLAS detector},
  author = {{Collaboration ATLAS}},
  collaboration = {{ATLAS Collaboration}},
  journal = {Phys. Rev. D},
  volume = {103},
  issue = {11},
  pages = {112006},
  numpages = {40},
  year = {2021},
  month = {Jun},
  publisher = {American Physical Society},
  doi = {10.1103/PhysRevD.103.112006},
  url = {https://link.aps.org/doi/10.1103/PhysRevD.103.112006},
  entrysubtype = {primaire}
}


@article{CMS_2012qbp_higgs,
    author = "Chatrchyan, Serguei and others",
    collaboration = "CMS",
    title = "{Observation of a New Boson at a Mass of 125 GeV with the CMS Experiment at the LHC}",
    eprint = "1207.7235",
    archivePrefix = "arXiv",
    primaryClass = "hep-ex",
    reportNumber = "CMS-HIG-12-028, CERN-PH-EP-2012-220",
    doi = "10.1016/j.physletb.2012.08.021",
    journal = "Phys. Lett. B",
    volume = "716",
    pages = "30--61",
    year = "2012",
 entrysubtype={primaire}
}

@article{supersymmetry_lhc,
  doi = {10.1016/j.revip.2019.100033},
  url = {https://doi.org/10.1016/j.revip.2019.100033},
  year = {2019},
  month = nov,
  publisher = {Elsevier {BV}},
  volume = {4},
  pages = {100033},
  author = {Anadi Canepa},
  title = {Searches for supersymmetry at the Large Hadron Collider},
  journal = {Reviews in Physics},
 entrysubtype={primaire}
}

@unpublished{Courier:87494_archives,
      title         = "{CERN Courier: Public Information Office (PIO),
                       Publication}",
      url           = "https://cds.cern.ch/record/87494",
 entrysubtype={primaire}
}

@article{courier_superhistory_1733164,
 title         = "{Glimpses of superhistory}",
 journal       = "CERN Courier",
 reportNumber  = "2",
 volume        = "41",
 pages         = "19-21",
 month         = "Mar",
 year          = "2001",
 url           = "http://cds.cern.ch/record/1733164",
      author = {Olive, Keith and Shifman, Misha},
 entrysubtype={primaire}
}

%%% SSC

@misc{osti_5824794,
title = {Report of the 1983 HEPAP Subpanel on New Facilities for the US high-energy physics program},
author = {Wojcicki, S. and  J. Adams and  T. Appelquist and C. Baltay and M. K. Gaillard and J. D. Jackson and  D. Keefe and  A. Kerman and  L. Pondrom and  J.
Rees and  C. Rubbia and  F. Sciulli and  M. Tigner and  S. Treiman and  J. Vander
Velde and  H. Williams and B. Winstein},
doi = {},
url = {https://www.osti.gov/biblio/5824794},
journal = {},
number = {},
volume = {},
place = {United States},
year = {1983},
month = {7},
entrysubtype={primaire}
}

@article{Eichten1984,
  doi = {10.1103/revmodphys.56.579},
  url = {https://doi.org/10.1103/revmodphys.56.579},
  year = {1984},
  month = oct,
  publisher = {American Physical Society ({APS})},
  volume = {56},
  number = {4},
  pages = {579--707},
  author = {E. Eichten and I. Hinchliffe and K. Lane and C. Quigg},
  title = {Supercollider physics},
 entrysubtype={primaire}
}

@book{riordan2015tunnel,
 author = {Riordan, Michael and Hoddeson, Lilian and Kolb, Adrienne W.},
 title = {Tunnel visions : the rise and fall of the superconducting super collider},
 publisher = {The University of Chicago Press},
 year = {2015},
 address = {Chicago},
 isbn = {978-0226294797},
 entrysubtype={secondaire}
 }

@article{Feng2013,
  doi = {10.1146/annurev-nucl-102010-130447},
  url = {https://doi.org/10.1146/annurev-nucl-102010-130447},
  year = {2013},
  month = oct,
  publisher = {Annual Reviews},
  volume = {63},
  number = {1},
  pages = {351--382},
  author = {Jonathan L. Feng},
  title = {Naturalness and the Status of Supersymmetry},
  journal = {Annual Review of Nuclear and Particle Science},
 entrysubtype={primaire}
}

%%% LHC/CERN

@misc{panoutsopoulos2019culture,
Author = {Grigoris Panoutsopoulos},
Title = {The Culture of Exploratory Experimentation at CERN and the Future Colliders},
Year = {2019},
Eprint = {arXiv:1907.12946},
 entrysubtype={secondaire}
}


@article{Shipsey2017,
    author = "Shipsey, Ian",
    title = "{Vision and Outlook: The Future of Particle Physics}",
    doi = "10.22323/1.282.0037",
    journal = "PoS",
    volume = "ICHEP2016",
    pages = "037",
    year = "2017",
    entrysubtype = {primaire}
}

@article{Chall2020,
  doi = {10.1007/s13194-019-0271-7},
  url = {https://doi.org/10.1007/s13194-019-0271-7},
  year = {2020},
  month = jan,
  publisher = {Springer Science and Business Media {LLC}},
  volume = {10},
  number = {1},
  author = {Chall, Cristin C.},
  title = {Model-groups as scientific research programmes},
  journal = {European Journal for Philosophy of Science},
 entrysubtype={secondaire}
}

@ARTICLE{t_Hooft2001,
  title     = "Can there be physics without experiments? Challenges and
               pitfalls",
  author    = "'t Hooft, Gerard",
  abstract  = "Physicists investigating space, time and matter at the Planck
               scale will probably have to work with much less guidance from
               experimental input than has ever happened before in the history
               of physics. This may imply that we should insist on much higher
               demands of logical and mathematical rigor than before. Working
               with long chains of arguments linking theories to experiment, we
               must be able to rely on logical precision when and where
               experimental checks cannot be provided.",
  journal   = "Int. J. Mod. Phys. A",
  publisher = "World Scientific Pub Co Pte Lt",
  volume    =  16,
  number    =  17,
  pages     = "2895--2908",
  month     =  jul,
  year      =  2001,
  language  = "en",
  entrysubtype = {primaire}
}

@phdthesis{Chall2019, 
  author = {Chall, Cristin C.},
  url = {https://scholarcommons.sc.edu/etd/5660/},
  year = {2019},
  school = {University of South Carolina},
  title = {Non-Empirical Modelling and Theorizing: Scientific Progress in Particle Physics},
 entrysubtype={secondaire}
}

@ARTICLE{Bert2008,
       author = {{Schroer}, Bert},
        title = "{String Theory, the Crisis in Particle Physics and the Ascent of Metaphoric Arguments}",
      journal = {International Journal of Modern Physics D},
     keywords = {S matrix theory, quantum field theory, string theory, particle physics, Physics - Physics and Society, High Energy Physics - Theory},
         year = 2008,
        month = jan,
       volume = {17},
       number = {13-14},
        pages = {2373-2431},
          doi = {10.1142/S0218271808014217},
archivePrefix = {arXiv},
       eprint = {physics/0603112},
 primaryClass = {physics.soc-ph},
       adsurl = {https://ui.adsabs.harvard.edu/abs/2008IJMPD..17.2373S},
      adsnote = {Provided by the SAO/NASA Astrophysics Data System},
 entrysubtype={secondaire}
}

@article{susy_crisis,
 ISSN = {00368733, 19467087},
 URL = {https://www.jstor.org/stable/26039895},
 author = {Joseph Lykken and Maria Spiropulu},
 journal = {Scientific American},
 number = {5},
 pages = {34--39},
 publisher = {Scientific American, a division of Nature America, Inc.},
 title = {Supersymmetry and the Crisis in Physics},
 volume = {310},
 year = {2014},
 entrysubtype={primaire}
}



@article{vanDongen2021,
  doi = {10.1016/j.shpsa.2021.06.017},
  url = {https://doi.org/10.1016/j.shpsa.2021.06.017},
  year = {2021},
  month = oct,
  publisher = {Elsevier {BV}},
  volume = {89},
  pages = {164--176},
  author = {Jeroen van Dongen},
  title = {String theory,  Einstein,  and the identity of physics: Theory assessment in absence of the empirical},
  journal = {Studies in History and Philosophy of Science Part A},
 entrysubtype={secondaire}
}



@article{Boucher2014,
  doi = {10.1177/0020702014527895},
  url = {https://doi.org/10.1177/0020702014527895},
  year = {2014},
  month = mar,
  publisher = {{SAGE} Publications},
  volume = {69},
  number = {2},
  pages = {213--228},
  author = {Jean-Christophe Boucher},
  title = {Yearning for a progressive research program in Canadian foreign policy},
  journal = {International Journal: Canada{\textquotesingle}s Journal of Global Policy Analysis},
 entrysubtype={technical}
}

@article{innovation_collective_brain_Muthukrishna2016,
  doi = {10.1098/rstb.2015.0192},
  url = {https://doi.org/10.1098/rstb.2015.0192},
  year = {2016},
  month = mar,
  publisher = {The Royal Society},
  volume = {371},
  number = {1690},
  pages = {20150192},
  author = {Michael Muthukrishna and Joseph Henrich},
  title = {Innovation in the collective brain},
  journal = {Philosophical Transactions of the Royal Society B: Biological Sciences},
 entrysubtype={secondaire}
}

@misc{Paradoxo70_online,
    author = {Schimmelpfennig, Robin and Razek, Layla and Schnell, Eric and Muthukrishna, Michae},
    title = {Paradox of diversity in the collective brain},
    url = http://eprints.lse.ac.uk/112198/,
    month = {10},
    year = {2021},
 entrysubtype={secondaire}
}

@Book{henrich2016the,
 author = {Henrich, Joseph},
 title = {The secret of our success : how culture is driving human evolution, domesticating our species, and making us smarter},
 publisher = {Princeton University Press},
 year = {2016},
 address = {Princeton},
 isbn = {978-0691166858},
 entrysubtype={secondaire}
 }

% division of labour
@article{Henrich2008,
  doi = {10.1086/587889},
  url = {https://doi.org/10.1086/587889},
  year = {2008},
  month = aug,
  publisher = {University of Chicago Press},
  volume = {49},
  number = {4},
  pages = {715--724},
  author = {Joseph Henrich and Robert Boyd},
  title = {Division of Labor,  Economic Specialization,  and the Evolution of Social Stratification},
 entrysubtype={secondaire}
}

@article{Nakahashi2014,
  doi = {10.1016/j.jtbi.2014.01.027},
  url = {https://doi.org/10.1016/j.jtbi.2014.01.027},
  year = {2014},
  month = may,
  publisher = {Elsevier {BV}},
  volume = {348},
  pages = {65--79},
  author = {Wataru Nakahashi and Marcus W. Feldman},
  title = {Evolution of division of labor: Emergence of different activities among group members},
 entrysubtype={secondaire}
}

%%% transmission of knowledge

@article{Derex2019,
  doi = {10.1038/s41562-019-0567-9},
  url = {https://doi.org/10.1038/s41562-019-0567-9},
  year = {2019},
  month = apr,
  publisher = {Springer Science and Business Media {LLC}},
  volume = {3},
  number = {5},
  pages = {446--452},
  author = {Maxime Derex and Jean-Fran{\c{c}}ois Bonnefon and Robert Boyd and Alex Mesoudi},
  title = {Causal understanding is not necessary for the improvement of culturally evolving technology},
 entrysubtype={secondaire}
}

@article{Collins2007,
  doi = {10.1016/j.shpsa.2007.09.003},
  url = {https://doi.org/10.1016/j.shpsa.2007.09.003},
  year = {2007},
  month = dec,
  publisher = {Elsevier {BV}},
  volume = {38},
  number = {4},
  pages = {657--666},
  author = {Harry Collins and Robert Evans and Mike Gorman},
  title = {Trading zones and interactional expertise},
  journal = {Studies in History and Philosophy of Science Part A},
  entrysubtype={secondaire}
}

@incollection{Mehalik2010,
  doi = {10.7551/mitpress/9780262014724.003.0009},
  url = {https://doi.org/10.7551/mitpress/9780262014724.003.0009},
  year = {2010},
  month = nov,
  publisher = {The {MIT} Press},
  pages = {181--208},
  author = {Matthew M. Mehalik},
  title = {A Network States Approach for Mapping System Changes},
  booktitle = {Trading Zones and Interactional Expertise}
}


@article{Star1989,
 ISSN = {03063127},
 URL = {http://www.jstor.org/stable/285080},
 abstract = {Scientific work is heterogeneous, requiring many different actors and viewpoints. It also requires cooperation. The two create tension between divergent viewpoints and the need for generalizable findings. We present a model of how one group of actors managed this tension. It draws on the work of amateurs, professionals, administrators and others connected to the Museum of Vertebrate Zoology at the University of California, Berkeley, during its early years. Extending the Latour-Callon model of interessement, two major activities are central for translating between viewpoints: standardization of methods, and the development of 'boundary objects'. Boundary objects are both adaptable to different viewpoints and robust enough to maintain identity across them. We distinguish four types of boundary objects: repositories, ideal types, coincident boundaries and standardized forms.},
 author = {Susan Leigh Star and James R. Griesemer},
 journal = {Social Studies of Science},
 number = {3},
 pages = {387--420},
 publisher = {Sage Publications, Ltd.},
 title = {Institutional Ecology, 'Translations' and Boundary Objects: Amateurs and Professionals in Berkeley's Museum of Vertebrate Zoology, 1907-39},
 urldate = {2022-12-14},
 volume = {19},
 year = {1989}
}



@book{Collins2010knowledge,
   title =     {Tacit and Explicit Knowledge},
   author =    {Harry Collins},
   publisher = {The University of Chicago Press},
   isbn =      {0226113809; 9780226113807; 0226113825; 9780226113821},
   year =      {2010},
   edition =   {1st},
   url =       {libgen.li/file.php?md5=7fe6fb4ac4ce5b3bf740521f3ac6b44a}
}

%%% reproducibility

@article{Stodden2018,
  doi = {10.1073/pnas.1708290115},
  url = {https://doi.org/10.1073/pnas.1708290115},
  year = {2018},
  month = mar,
  publisher = {Proceedings of the National Academy of Sciences},
  volume = {115},
  number = {11},
  pages = {2584--2589},
  author = {Victoria Stodden and Jennifer Seiler and Zhaokun Ma},
  title = {An empirical analysis of journal policy effectiveness for computational reproducibility},
 entrysubtype={secondaire}
}

@article{Patil2016,
  doi = {10.1101/066803},
  url = {https://doi.org/10.1101/066803},
  year = {2016},
  month = jul,
  publisher = {Cold Spring Harbor Laboratory},
  author = {Prasad Patil and Roger D. Peng and Jeffrey T. Leek},
  title = {A statistical definition for reproducibility and replicability},
  journal = {bioRxiv},
 entrysubtype={secondaire}
}

@misc{Perkel_2020, title={Challenge to scientists: does your ten-year-old code still run?}, volume={584}, url={http://dx.doi.org/10.1038/d41586-020-02462-7}, DOI={10.1038/d41586-020-02462-7}, number={7822}, journal={Nature}, publisher={Springer Science and Business Media LLC}, author={Perkel, Jeffrey M.}, year={2020}, month={Aug}, pages={656–658},
 entrysubtype={secondaire}
}

@misc{Peng_2011, title={Reproducible Research in Computational Science}, volume={334}, url={http://dx.doi.org/10.1126/science.1213847}, DOI={10.1126/science.1213847}, number={6060}, journal={Science}, publisher={American Association for the Advancement of Science (AAAS)}, author={Peng, Roger D.}, year={2011}, month={Dec}, pages={1226–1227},
 entrysubtype={secondaire} }

@misc{Topalidou_Leblois_Boraud_Rougier_2015, title={A long journey into reproducible computational neuroscience}, volume={9}, url={http://dx.doi.org/10.3389/fncom.2015.00030}, DOI={10.3389/fncom.2015.00030}, journal={Frontiers in Computational Neuroscience}, publisher={Frontiers Media SA}, author={Topalidou, Meropi and Leblois, Arthur and Boraud, Thomas and Rougier, Nicolas P.}, year={2015}, month={Mar},
 entrysubtype={secondaire} }

@article{Collberg2016,
  doi = {10.1145/2812803},
  url = {https://doi.org/10.1145/2812803},
  year = {2016},
  month = feb,
  publisher = {Association for Computing Machinery ({ACM})},
  volume = {59},
  number = {3},
  pages = {62--69},
  author = {Christian Collberg and Todd A. Proebsting},
  title = {Repeatability in computer systems research},
 entrysubtype={secondaire}
}

@article{Collange2015,
  doi = {10.1016/j.parco.2015.09.001},
  url = {https://doi.org/10.1016/j.parco.2015.09.001},
  year = {2015},
  month = nov,
  publisher = {Elsevier {BV}},
  volume = {49},
  pages = {83--97},
  author = {Sylvain Collange and David Defour and Stef Graillat and Roman Iakymchuk},
  title = {Numerical reproducibility for the parallel reduction on multi- and many-core architectures},
 entrysubtype={secondaire}
}

@article{Barron2018,
  doi = {10.1073/pnas.1717729115},
  url = {https://doi.org/10.1073/pnas.1717729115},
  year = {2018},
  month = apr,
  publisher = {Proceedings of the National Academy of Sciences},
  volume = {115},
  number = {18},
  pages = {4607--4612},
  author = {Alexander T. J. Barron and Jenny Huang and Rebecca L. Spang and Simon DeDeo},
  title = {Individuals,  institutions,  and innovation in the debates of the French Revolution},
  journal = {Proceedings of the National Academy of Sciences},
 entrysubtype={technical}
}

@misc{levy_flights_imagination_de_deo,
Author = {William H. W. Thompson and Zachary Wojtowicz and Simon DeDeo},
Title = {Lévy Flights of the Collective Imagination},
Year = {2018},
Eprint = {arXiv:1812.04013},
 entrysubtype={technical}
}

@article{Smith2015,
  doi = {10.1098/rsta.2014.0037},
  url = {https://doi.org/10.1098/rsta.2014.0037},
  year = {2015},
  month = jan,
  publisher = {The Royal Society},
  volume = {373},
  number = {2032},
  pages = {20140037},
  author = {Chris Llewellyn Smith},
  title = {Genesis of the Large Hadron Collider},
  journal = {Philosophical Transactions of the Royal Society A: Mathematical,  Physical and Engineering Sciences},
 entrysubtype={secondaire}
}

@article{Abe2017,
  doi = {10.1103/physrevd.95.012004},
  url = {https://doi.org/10.1103/physrevd.95.012004},
  year = {2017},
  month = jan,
  publisher = {American Physical Society ({APS})},
  volume = {95},
  number = {1},
  author = {K. Abe and Y. Haga and Y. Hayato and M. Ikeda and K. Iyogi and J. Kameda and Y. Kishimoto and M. Miura and S. Moriyama and M. Nakahata and T. Nakajima and Y. Nakano and S. Nakayama and A. Orii and H. Sekiya and M. Shiozawa and A. Takeda and H. Tanaka and T. Tomura and R.{\hspace{0.167em}}A. Wendell and R. Akutsu and T. Irvine and T. Kajita and K. Kaneyuki and Y. Nishimura and E. Richard and K. Okumura and L. Labarga and P. Fernandez and J. Gustafson and C. Kachulis and E. Kearns and J.{\hspace{0.167em}}L. Raaf and J.{\hspace{0.167em}}L. Stone and L.{\hspace{0.167em}}R. Sulak and S. Berkman and C.{\hspace{0.167em}}M. Nantais and H.{\hspace{0.167em}}A. Tanaka and S. Tobayama and M. Goldhaber and W.{\hspace{0.167em}}R. Kropp and S. Mine and P. Weatherly and M.{\hspace{0.167em}}B. Smy and H.{\hspace{0.167em}}W. Sobel and V. Takhistov and K.{\hspace{0.167em}}S. Ganezer and B.{\hspace{0.167em}}L. Hartfiel and J. Hill and N. Hong and J.{\hspace{0.167em}}Y. Kim and I.{\hspace{0.167em}}T. Lim and R.{\hspace{0.167em}}G. Park and A. Himmel and Z. Li and E. O'Sullivan and K. Scholberg and C.{\hspace{0.167em}}W. Walter and T. Wongjirad and T. Ishizuka and S. Tasaka and J.{\hspace{0.167em}}S. Jang and J.{\hspace{0.167em}}G. Learned and S. Matsuno and S.{\hspace{0.167em}}N. Smith and M. Friend and T. Hasegawa and T. Ishida and T. Ishii and T. Kobayashi and T. Nakadaira and K. Nakamura and Y. Oyama and K. Sakashita and T. Sekiguchi and T. Tsukamoto and A.{\hspace{0.167em}}T. Suzuki and Y. Takeuchi and T. Yano and S.{\hspace{0.167em}}V. Cao and T. Hiraki and S. Hirota and K. Huang and T. Kikawa and A. Minamino and T. Nakaya and K. Suzuki and Y. Fukuda and K. Choi and Y. Itow and T. Suzuki and P. Mijakowski and K. Frankiewicz and J. Hignight and J. Imber and C.{\hspace{0.167em}}K. Jung and X. Li and J.{\hspace{0.167em}}L. Palomino and M.{\hspace{0.167em}}J. Wilking and C. Yanagisawa and D. Fukuda and H. Ishino and T. Kayano and A. Kibayashi and Y. Koshio and T. Mori and M. Sakuda and C. Xu and Y. Kuno and R. Tacik and S.{\hspace{0.167em}}B. Kim and H. Okazawa and Y. Choi and K. Nishijima and M. Koshiba and Y. Totsuka and Y. Suda and M. Yokoyama and C. Bronner and M. Hartz and K. Martens and Ll. Marti and Y. Suzuki and M.{\hspace{0.167em}}R. Vagins and J.{\hspace{0.167em}}F. Martin and A. Konaka and S. Chen and Y. Zhang and R.{\hspace{0.167em}}J. Wilkes and},
  title = {Search for proton decay via 
		p$\rightarrow$e$\mathplus$$\uppi$0
		 and 
		p$\rightarrow$$\upmu$$\mathplus$$\uppi$0
		 in 
		0.31{\hspace{0.167em}}{\hspace{0.167em}}megaton$\cdotp$years
		 exposure of the Super-Kamiokande water Cherenkov detector},
  journal = {Physical Review D},
 entrysubtype={primaire}
}

@article{Munafo2015,
  doi = {10.1098/rsos.150287},
  url = {https://doi.org/10.1098/rsos.150287},
  year = {2015},
  month = oct,
  publisher = {The Royal Society},
  volume = {2},
  number = {10},
  pages = {150287},
  author = {Marcus R. Munafo and Thomas Pfeiffer and Adam Altmejd and Emma Heikensten and Johan Almenberg and Alexander Bird and Yiling Chen and Brad Wilson and Magnus Johannesson and Anna Dreber},
  title = {Using prediction markets to forecast research evaluations},
  journal = {Royal Society Open Science},
 entrysubtype={technical}
}

@article{Perelstein2013,
  doi = {10.1103/physrevd.88.075003},
  url = {https://doi.org/10.1103/physrevd.88.075003},
  year = {2013},
  month = oct,
  publisher = {American Physical Society (APS)},
  volume = {88},
  number = {7},
  author = {Maxim Perelstein and Bibhushan Shakya},
  title = {Xenon100 implications for naturalness in the MSSM, NMSSM, and -supersymmetry model},
  journal = {Physical Review D},
  entrysubtype={primaire}
}


@inproceedings{MSSMWorkingGroup1998fiq,
    author = "Djouadi, A. and others",
    collaboration = "MSSM Working Group",
    title = "{The Minimal supersymmetric standard model: Group summary report}",
    booktitle = "{GDR (Groupement De Recherche) - Supersymetrie}",
    eprint = "hep-ph/9901246",
    archivePrefix = "arXiv",
    reportNumber = "PM-98-45",
    month = "12",
    year = "1998",
    entrysubtype = {primaire}
}

@Book{lakatos1978philosophical,
 author = {Lakatós, Imre},
 title = {Philosophical papers},
 publisher = {Cambridge University Press},
 year = {1978},
 address = {Cambridge New York},
 isbn = {0521280311},
 entrysubtype={secondaire}
 }
 
 @book{Laudan1977,
	author = {Larry Laudan},
	title = {Progress and its Problems: Toward a Theory of Scientific Growth},
	publisher = {University of California Press},
	year = {1977},
 entrysubtype={secondaire}
}

@book{Laudan1984,
    title = {Science and Values},
    subtitle = {The Aims ofscience and
Their Role lliz Scientfic Debate},
    author = {Larry Laudan},
    year = {1984},
    pagecount = {149},
    isbn = {9780520052673},
    publisher = "University of California Press",
    entrysubtype = {secondaire}
}

@article{Laudan1987,
 ISSN = {00030481},
 URL = {http://www.jstor.org/stable/20014171},
 author = {Larry Laudan},
 journal = {American Philosophical Quarterly},
 number = {1},
 pages = {19--31},
 publisher = {[North American Philosophical Publications, University of Illinois Press]},
 title = {Progress or Rationality? The Prospects for Normative Naturalism},
 urldate = {2022-06-19},
 volume = {24},
 year = {1987},
 entrysubtype = {secondaire}
}

@incollection{Laudan1990,
	publisher = {University of Minnesota Press},
	booktitle = {Scientific Theories},
	year = {1990},
	pages = {267--97},
	editor = {C. Wade Savage},
	title = {Demystifying Underdetermination},
	author = {Larry Laudan}
}


@article{Nickles1981,
  doi = {10.1007/bf01064267},
  url = {https://doi.org/10.1007/bf01064267},
  year = {1981},
  month = apr,
  publisher = {Springer Science and Business Media {LLC}},
  volume = {47},
  number = {1},
  pages = {85--118},
  author = {Thomas Nickles},
  title = {What is a problem that we may solve it?},
  journal = {Synthese},
  entrysubtype = {secondaire}
}

@article{Nickles1989,
  doi = {10.1080/02691728908578530},
  url = {https://doi.org/10.1080/02691728908578530},
  year = {1989},
  month = jul,
  publisher = {Informa {UK} Limited},
  volume = {3},
  number = {3},
  pages = {175--188},
  author = {Thomas Nickles},
  title = {Heuristic appraisal: A proposal},
  journal = {Social Epistemology},
  entrysubtype = {secondaire}
}

@incollection{Nickles2005,
  doi = {10.1007/1-4020-4251-5_10},
  url = {https://doi.org/10.1007/1-4020-4251-5_10},
  publisher = {Kluwer Academic Publishers},
  pages = {159--182},
  author = {Nickles, Thomas},
  title = {Heuristic Appraisal: Context of discovery of justification?},
  booktitle = {Revisiting Discovery and Justification},
  editor = {Schikore, Jutta and Steinle, Friedrich},
  year = 2005,
  entrysubtype = {secondaire}
}

@ARTICLE{Martin1989,
  title     = "Aesthetic constraints on theory selection: A critique of Laudan",
  author    = "Martin, James E",
  journal   = "Br. J. Philos. Sci.",
  publisher = "University of Chicago Press",
  volume    =  40,
  number    =  3,
  pages     = "357--364",
  month     =  sep,
  year      =  1989,
  language  = "en",
  entrysubtype = {secondaire}
}

@incollection{McMullin1976,
  title     = "The fertility of theory and the unit for appraisal in science",
  booktitle = "Essays in Memory of Imre Lakatos",
  author    = "McMullin, Ernan",
  publisher = "Springer Netherlands",
  pages     = "395--432",
  year      =  1976,
  address   = "Dordrecht",
  entrysubtype = {secondaire}
}


@inbook{GodfreySmith2021,
author = {Peter Godfrey-Smith},
doi = {doi:10.7208/9780226300610-009},
url = {https://doi.org/10.7208/9780226300610-009},
title = {7. Lakatos, Laudan, Feyerabend, and Frameworks},
booktitle = {Theory and Reality: An Introduction to the Philosophy of Science},
year = {2021},
publisher = {University of Chicago Press},
pages = {102--121},
lastchecked = {2022-04-29},
entrysubtype = {secondaire}
}


@Book{popper2002the,
 author = {Popper, Karl},
 title = {The logic of scientific discovery},
 publisher = {Routledge Classics},
 year = {2002},
 address = {London},
 isbn = {0415278430},
 entrysubtype={secondaire}
 }
 
 @Book{lakatos1999for,
 author = {Lakatos, Imre and Feyerabend, Paul and Motterlini, Matteo},
 title = {For and against method : including Lakatos's lectures on scientific method and the Lakatos-Feyerabend correspondence},
 publisher = {University of Chicago Press},
 year = {1999},
 address = {Chicago},
 isbn = {978-0226467757},
 entrysubtype={secondaire}
 }
 
 @Book{feyerabend1993against,
 author = {Feyerabend, Paul},
 title = {Against method},
 publisher = {Verso},
 year = {1993},
 address = {London New York},
 isbn = {978-0860916468},
 entrysubtype={secondaire}
 }
 
 @Book{chalmers1990,
 author = {Chalmers, Alan},
 title = {Qu'est-ce que la science? récents développements en philosophie des sciences : Popper, Kuhn, Lakatos, Feyerabend},
 publisher = {Librairie générale française},
 year = {1990},
 address = {Paris},
 isbn = {978-2253055068},
 entrysubtype={secondaire}
 }
 
 @article{Galison1988,
  doi = {10.1017/s0269889700000557},
  url = {https://doi.org/10.1017/s0269889700000557},
  year = {1988},
  publisher = {Cambridge University Press ({CUP})},
  volume = {2},
  number = {1},
  pages = {197--212},
  author = {Peter Galison},
  title = {History,  Philosophy,  and the Central Metaphor},
  journal = {Science in Context},
 entrysubtype={secondaire}
}
 
@article{Ivanova2012,
  doi = {10.1007/s10670-012-9390-7},
  url = {https://doi.org/10.1007/s10670-012-9390-7},
  year = {2012},
  month = sep,
  publisher = {Springer Science and Business Media {LLC}},
  volume = {78},
  number = {5},
  pages = {1109--1132},
  author = {Milena Ivanova and Cedric Paternotte},
  title = {Theory Choice,  Good Sense and Social Consensus},
 entrysubtype={secondaire}
}
 
 
 @Book{pickering1984constructing,
 author = {Pickering, Andrew},
 title = {Constructing quarks: a sociological history of particle physics},
 publisher = {University of Chicago Press},
 year = {1984},
 address = {Chicago},
 isbn = {9780226667997},
 entrysubtype={secondaire}
 }
 
 @article{Pickering1984,
  doi = {10.1016/0039-3681(84)90001-3},
  url = {https://doi.org/10.1016/0039-3681(84)90001-3},
  year = {1984},
  month = jun,
  publisher = {Elsevier {BV}},
  volume = {15},
  number = {2},
  pages = {85--117},
  author = {Andy Pickering},
  title = {Against putting the phenomena first: The discovery of the weak neutral current},
  journal = {Studies in History and Philosophy of Science Part A},
  entrysubtype = {secondaire}
}
 
 @Book{collins2004gravitys,
 author = {Collins, H. M.},
 title = {Gravity's shadow : the search for gravitational waves},
 publisher = {University of Chicago Press},
 year = {2004},
 address = {Chicago},
 isbn = {978-0226113784},
 entrysubtype={secondaire}
 }
 
 @Book{traweek1988beamtimes,
 author = {Traweek, Sharon},
 title = {Beamtimes and lifetimes : the world of high energy physicists},
 publisher = {Harvard University Press},
 year = {1988},
 address = {Cambridge, Mass},
 isbn = {9780674063488},
 entrysubtype={secondaire}
 }
 
 %%% Theory choice
 @incollection{Pickering1981,
  doi = {10.1007/978-94-009-9109-5_5},
  url = {https://doi.org/10.1007/978-94-009-9109-5_5},
  year = {1981},
  publisher = {Springer Netherlands},
  pages = {107--138},
  author = {Andrew Pickering},
  title = {The Role of Interests in High-Energy Physics},
  booktitle = {The Social Process of Scientific Investigation},
  entrysubtype={secondaire}
}


 
 @article{Abbot2004,
  doi = {10.1103/physrevd.69.122001},
  url = {https://doi.org/10.1103/physrevd.69.122001},
  year = {2004},
  month = jun,
  publisher = {American Physical Society ({APS})},
  volume = {69},
  number = {12},
  author = {B. Abbott and R. Abbott and R. Adhikari and A. Ageev and B. Allen and R. Amin and S. B. Anderson and W. G. Anderson and M. Araya and H. Armandula and F. Asiri and P. Aufmuth and C. Aulbert and S. Babak and R. Balasubramanian and S. Ballmer and B. C. Barish and D. Barker and C. Barker-Patton and M. Barnes and B. Barr and M. A. Barton and K. Bayer and R. Beausoleil and K. Belczynski and R. Bennett and S. J. Berukoff and J. Betzwieser and B. Bhawal and I. A. Bilenko and G. Billingsley and E. Black and K. Blackburn and B. Bland-Weaver and B. Bochner and L. Bogue and R. Bork and S. Bose and P. R. Brady and V. B. Braginsky and J. E. Brau and D. A. Brown and S. Brozek and A. Bullington and A. Buonanno and R. Burgess and D. Busby and W. E. Butler and R. L. Byer and L. Cadonati and G. Cagnoli and J. B. Camp and C. A. Cantley and L. Cardenas and K. Carter and M. M. Casey and J. Castiglione and A. Chandler and J. Chapsky and P. Charlton and S. Chatterji and Y. Chen and V. Chickarmane and D. Chin and N. Christensen and D. Churches and C. Colacino and R. Coldwell and M. Coles and D. Cook and T. Corbitt and D. Coyne and J. D. E. Creighton and T. D. Creighton and D. R. M. Crooks and P. Csatorday and B. J. Cusack and C. Cutler and E. D'Ambrosio and K. Danzmann and R. Davies and E. Daw and D. DeBra and T. Delker and R. DeSalvo and S. Dhurandhar and M. D{\'{\i}}az and H. Ding and R. W. P. Drever and R. J. Dupuis and C. Ebeling and J. Edlund and P. Ehrens and E. J. Elliffe and T. Etzel and M. Evans and T. Evans and C. Fallnich and D. Farnham and M. M. Fejer and M. Fine and L. S. Finn and {\'{E}}. Flanagan and A. Freise and R. Frey and P. Fritschel and V. Frolov and M. Fyffe and K. S. Ganezer and J. A. Giaime and A. Gillespie and K. Goda and G. Gonz{\'{a}}lez and S. Go{\ss}ler and P. Grandcl{\'{e}}ment and A. Grant and C. Gray and A. M. Gretarsson and D. Grimmett and H. Grote and S. Grunewald and M. Guenther and E. Gustafson and R. Gustafson and W. O. Hamilton and M. Hammond and J. Hanson and C. Hardham and G. Harry and A. Hartunian and J. Heefner and Y. Hefetz and G. Heinzel and I. S. Heng and M. Hennessy and N. Hepler and A. Heptonstall and M. Heurs and M. Hewitson and N. Hindman and P. Hoang and J. Hough and M. Hrynevych and W. Hua and R. Ingley and M. Ito and Y. Itoh and A. Ivanov and O. Jennrich and W. W. Johnson and W. Johnston and L. Jones and D. Jungwirth and V. Kalogera and E. Katsavounidis and K. Kawabe and S. Kawamura and W. Kells and J. Kern and A. Khan and S. Killbourn and C. J. Killow and C. Kim and C. King and P. King and S. Klimenko and P. Kloevekorn and S. Koranda and K. K\"{o}tter and J. Kovalik and D. Kozak and B. Krishnan and M. Landry and J. Langdale and B. Lantz and R. Lawrence and A. Lazzarini and M. Lei and V. Leonhardt and I. Leonor and K. Libbrecht and P. Lindquist and S. Liu and J. Logan and M. Lormand and M. Lubinski and H. L\"{u}ck and T. T. Lyons and B. Machenschalk and M. MacInnis and M. Mageswaran and K. Mailand and W. Majid and M. Malec and F. Mann and A. Marin and S. M{\'{a}}rka and E. Maros and J. Mason and K. Mason and O. Matherny and L. Matone and N. Mavalvala and R. McCarthy and D. E. McClelland and M. McHugh and P. McNamara and G. Mendell and S. Meshkov and C. Messenger and V. P. Mitrofanov and G. Mitselmakher and R. Mittleman and O. Miyakawa and S. Miyoki and S. Mohanty and G. Moreno and K. Mossavi and B. Mours and G. Mueller and S. Mukherjee and J. Myers and S. Nagano and T. Nash and H. Naundorf and R. Nayak and G. Newton and F. Nocera and P. Nutzman and T. Olson and B. O'Reilly and D. J. Ottaway and A. Ottewill and D. Ouimette and H. Overmier and B. J. Owen and M. A. Papa and C. Parameswariah and V. Parameswariah and M. Pedraza and S. Penn and M. Pitkin and M. Plissi and M. Pratt and V. Quetschke and F. Raab and H. Radkins and R. Rahkola and M. Rakhmanov and S. R. Rao and D. Redding and M. W. Regehr and T. Regimbau and K. T. Reilly and K. Reithmaier and D. H. Reitze and S. Richman and R. Riesen and K. Riles and A. Rizzi and D. I. Robertson and N. A. Robertson and L. Robison and S. Roddy and J. Rollins and J. D. Romano and J. Romie and H. Rong and D. Rose and E. Rotthoff and S. Rowan and A. R\"{u}diger and P. Russell and K. Ryan and I. Salzman and G. H. Sanders and V. Sannibale and B. Sathyaprakash and P. R. Saulson and R. Savage and A. Sazonov and R. Schilling and K. Schlaufman and V. Schmidt and R. Schofield and M. Schrempel and B. F. Schutz and P. Schwinberg and S. M. Scott and A. C. Searle and B. Sears and S. Seel and A. S. Sengupta and C. A. Shapiro and P. Shawhan and D. H. Shoemaker and Q. Z. Shu and A. Sibley and X. Siemens and L. Sievers and D. Sigg and A. M. Sintes and K. Skeldon and J. R. Smith and M. Smith and M. R. Smith and P. Sneddon and R. Spero and G. Stapfer and K. A. Strain and D. Strom and A. Stuver and T. Summerscales and M. C. Sumner and P. J. Sutton and J. Sylvestre and A. Takamori and D. B. Tanner and H. Tariq and I. Taylor and R. Taylor and K. S. Thorne and M. Tibbits and S. Tilav and M. Tinto and K. V. Tokmakov and C. Torres and C. Torrie and S. Traeger and G. Traylor and W. Tyler and D. Ugolini and M. Vallisneri and M. van Putten and S. Vass and A. Vecchio and C. Vorvick and S. P. Vyachanin and L. Wallace and H. Walther and H. Ward and B. Ware and K. Watts and D. Webber and A. Weidner and U. Weiland and A. Weinstein and R. Weiss and H. Welling and L. Wen and S. Wen and J. T. Whelan and S. E. Whitcomb and B. F. Whiting and P. A. Willems and P. R. Williams and R. Williams and B. Willke and A. Wilson and B. J. Winjum and W. Winkler and S. Wise and A. G. Wiseman and G. Woan and R. Wooley and J. Worden and I. Yakushin and H. Yamamoto and S. Yoshida and I. Zawischa and L. Zhang and N. Zotov and M. Zucker and J. Zweizig},
  title = {Analysis of {LIGO} data for gravitational waves from binary neutron stars},
 entrysubtype={primaire}
}

@article{EventHorizonTelescope2019dse,
    author = "Akiyama, Kazunori and others",
    collaboration = "Event Horizon Telescope",
    title = "{First M87 Event Horizon Telescope Results. I. The Shadow of the Supermassive Black Hole}",
    eprint = "1906.11238",
    archivePrefix = "arXiv",
    primaryClass = "astro-ph.GA",
    doi = "10.3847/2041-8213/ab0ec7",
    journal = "Astrophys. J. Lett.",
    volume = "875",
    pages = "L1",
    year = "2019",
 entrysubtype={primaire}
}

@article{Abbot2016,
  doi = {10.1103/physrevlett.116.061102},
  url = {https://doi.org/10.1103/physrevlett.116.061102},
  year = {2016},
  month = feb,
  publisher = {American Physical Society ({APS})},
  volume = {116},
  number = {6},
  author = {B.{\hspace{0.167em}}P. Abbott and R. Abbott and T.{\hspace{0.167em}}D. Abbott and M.{\hspace{0.167em}}R. Abernathy and F. Acernese and K. Ackley and C. Adams and T. Adams and P. Addesso and R.{\hspace{0.167em}}X. Adhikari and V.{\hspace{0.167em}}B. Adya and C. Affeldt and M. Agathos and K. Agatsuma and N. Aggarwal and O.{\hspace{0.167em}}D. Aguiar and L. Aiello and A. Ain and P. Ajith and B. Allen and A. Allocca and P.{\hspace{0.167em}}A. Altin and S.{\hspace{0.167em}}B. Anderson and W.{\hspace{0.167em}}G. Anderson and K. Arai and M.{\hspace{0.167em}}A. Arain and M.{\hspace{0.167em}}C. Araya and C.{\hspace{0.167em}}C. Arceneaux and J.{\hspace{0.167em}}S. Areeda and N. Arnaud and K.{\hspace{0.167em}}G. Arun and S. Ascenzi and G. Ashton and M. Ast and S.{\hspace{0.167em}}M. Aston and P. Astone and P. Aufmuth and C. Aulbert and S. Babak and P. Bacon and M.{\hspace{0.167em}}K.{\hspace{0.167em}}M. Bader and P.{\hspace{0.167em}}T. Baker and F. Baldaccini and G. Ballardin and S.{\hspace{0.167em}}W. Ballmer and J.{\hspace{0.167em}}C. Barayoga and S.{\hspace{0.167em}}E. Barclay and B.{\hspace{0.167em}}C. Barish and D. Barker and F. Barone and B. Barr and L. Barsotti and M. Barsuglia and D. Barta and J. Bartlett and M.{\hspace{0.167em}}A. Barton and I. Bartos and R. Bassiri and A. Basti and J.{\hspace{0.167em}}C. Batch and C. Baune and V. Bavigadda and M. Bazzan and B. Behnke and M. Bejger and C. Belczynski and A.{\hspace{0.167em}}S. Bell and C.{\hspace{0.167em}}J. Bell and B.{\hspace{0.167em}}K. Berger and J. Bergman and G. Bergmann and C.{\hspace{0.167em}}P.{\hspace{0.167em}}L. Berry and D. Bersanetti and A. Bertolini and J. Betzwieser and S. Bhagwat and R. Bhandare and I.{\hspace{0.167em}}A. Bilenko and G. Billingsley and J. Birch and R. Birney and O. Birnholtz and S. Biscans and A. Bisht and M. Bitossi and C. Biwer and M.{\hspace{0.167em}}A. Bizouard and J.{\hspace{0.167em}}K. Blackburn and C.{\hspace{0.167em}}D. Blair and D.{\hspace{0.167em}}G. Blair and R.{\hspace{0.167em}}M. Blair and S. Bloemen and O. Bock and T.{\hspace{0.167em}}P. Bodiya and M. Boer and G. Bogaert and C. Bogan and A. Bohe and P. Bojtos and C. Bond and F. Bondu and R. Bonnand and B.{\hspace{0.167em}}A. Boom and R. Bork and V. Boschi and S. Bose and Y. Bouffanais and A. Bozzi and C. Bradaschia and P.{\hspace{0.167em}}R. Brady and V.{\hspace{0.167em}}B. Braginsky and M. Branchesi and J.{\hspace{0.167em}}E. Brau and T. Briant and A. Brillet and M. Brinkmann and V. Brisson and P. Brockill and A.{\hspace{0.167em}}F. Brooks and D.{\hspace{0.167em}}A. Brown and D.{\hspace{0.167em}}D. Brown and N.{\hspace{0.167em}}M. Brown and C.{\hspace{0.167em}}C. Buchanan and A. Buikema and T. Bulik and H.{\hspace{0.167em}}J. Bulten and A. Buonanno and D. Buskulic and C. Buy and R.{\hspace{0.167em}}L. Byer and M. Cabero and L. Cadonati and G. Cagnoli and C. Cahillane and J. Calder{\'{o}}n Bustillo and T. Callister and E. Calloni and J.{\hspace{0.167em}}B. Camp and K.{\hspace{0.167em}}C. Cannon and J. Cao and C.{\hspace{0.167em}}D. Capano and E. Capocasa and F. Carbognani and S. Caride and J. Casanueva Diaz and C. Casentini and S. Caudill and M. Cavagli{\`{a}} and F. Cavalier and R. Cavalieri and G. Cella and C.{\hspace{0.167em}}B. Cepeda and L. Cerboni Baiardi and G. Cerretani and E. Cesarini and R. Chakraborty and T. Chalermsongsak and S.{\hspace{0.167em}}J. Chamberlin and M. Chan and S. Chao and P. Charlton and E. Chassande-Mottin and H.{\hspace{0.167em}}Y. Chen and Y. Chen and C. Cheng and A. Chincarini and A. Chiummo and H.{\hspace{0.167em}}S. Cho and M. Cho and J.{\hspace{0.167em}}H. Chow and N. Christensen and Q. Chu and S. Chua and S. Chung and G. Ciani and F. Clara and J.{\hspace{0.167em}}A. Clark and F. Cleva and E. Coccia and P.-F. Cohadon and A. Colla and C.{\hspace{0.167em}}G. Collette and L. Cominsky and M. Constancio and A. Conte and L. Conti and D. Cook and T.{\hspace{0.167em}}R. Corbitt and N. Cornish and A. Corsi and S. Cortese and C.{\hspace{0.167em}}A. Costa and M.{\hspace{0.167em}}W. Coughlin and S.{\hspace{0.167em}}B. Coughlin and J.-P. Coulon and S.{\hspace{0.167em}}T. Countryman and P. Couvares and E.{\hspace{0.167em}}E. Cowan and D.{\hspace{0.167em}}M. Coward and M.{\hspace{0.167em}}J. Cowart and D.{\hspace{0.167em}}C. Coyne and R. Coyne and K. Craig and J.{\hspace{0.167em}}D.{\hspace{0.167em}}E. Creighton and T.{\hspace{0.167em}}D. Creighton and J. Cripe and S.{\hspace{0.167em}}G. Crowder and A.{\hspace{0.167em}}M. Cruise and A. Cumming and L. Cunningham and E. Cuoco and T. Dal Canton and S.{\hspace{0.167em}}L. Danilishin and S. D'Antonio and K. Danzmann and N.{\hspace{0.167em}}S. Darman and C.{\hspace{0.167em}}F. Da Silva Costa and V. Dattilo and I. Dave and H.{\hspace{0.167em}}P. Daveloza and M. Davier and G.{\hspace{0.167em}}S. Davies and E.{\hspace{0.167em}}J. Daw and R. Day and S. De and D. DeBra and G. Debreczeni and J. Degallaix and M. De Laurentis and S. Del{\'{e}}glise and W. Del Pozzo and T. Denker and T. Dent and H. Dereli and V. Dergachev and R.{\hspace{0.167em}}T. DeRosa and R. De Rosa and R. DeSalvo and S. Dhurandhar and M.{\hspace{0.167em}}C. D{\'{\i}}az and L. Di Fiore and M. Di Giovanni and A. Di Lieto and S. Di Pace and I. Di Palma and A. Di Virgilio and G. Dojcinoski and V. Dolique and F. Donovan and K.{\hspace{0.167em}}L. Dooley and S. Doravari and R. Douglas and T.{\hspace{0.167em}}P. Downes and M. Drago and R.{\hspace{0.167em}}W.{\hspace{0.167em}}P. Drever and J.{\hspace{0.167em}}C. Driggers and Z. Du and M. Ducrot and S.{\hspace{0.167em}}E. Dwyer and T.{\hspace{0.167em}}B. Edo and M.{\hspace{0.167em}}C. Edwards and A. Effler and H.-B. Eggenstein and P. Ehrens and J. Eichholz and S.{\hspace{0.167em}}S. Eikenberry and W. Engels and R.{\hspace{0.167em}}C. Essick and T. Etzel and M. Evans and T.{\hspace{0.167em}}M. Evans and R. Everett and M. Factourovich and V. Fafone and H. Fair and S. Fairhurst and X. Fan and Q. Fang and S. Farinon and B. Farr and W.{\hspace{0.167em}}M. Farr and M. Favata and M. Fays and H. Fehrmann and M.{\hspace{0.167em}}M. Fejer and D. Feldbaum and I. Ferrante and E.{\hspace{0.167em}}C. Ferreira and F. Ferrini and F. Fidecaro and L.{\hspace{0.167em}}S. Finn and I. Fiori and D. Fiorucci and R.{\hspace{0.167em}}P. Fisher and R. Flaminio and M. Fletcher and H. Fong and J.-D. Fournier and S. Franco and S. Frasca and F. Frasconi and M. Frede and Z. Frei and A. Freise and R. Frey and V. Frey and T.{\hspace{0.167em}}T. Fricke and P. Fritschel and V.{\hspace{0.167em}}V. Frolov and P. Fulda and M. Fyffe and H.{\hspace{0.167em}}A.{\hspace{0.167em}}G. Gabbard and J.{\hspace{0.167em}}R. Gair and L. Gammaitoni and S.{\hspace{0.167em}}G. Gaonkar and F. Garufi and A. Gatto and G. Gaur and N. Gehrels and G. Gemme and B. Gendre and E. Genin and A. Gennai and J. George and L. Gergely and V. Germain and Abhirup Ghosh and Archisman Ghosh and S. Ghosh and J.{\hspace{0.167em}}A. Giaime and K.{\hspace{0.167em}}D. Giardina and A. Giazotto and K. Gill and A. Glaefke and J.{\hspace{0.167em}}R. Gleason and E. Goetz and R. Goetz and L. Gondan and G. Gonz{\'{a}}lez and J.{\hspace{0.167em}}M. Gonzalez Castro and A. Gopakumar and N.{\hspace{0.167em}}A. Gordon and M.{\hspace{0.167em}}L. Gorodetsky and S.{\hspace{0.167em}}E. Gossan and M. Gosselin and R. Gouaty and C. Graef and P.{\hspace{0.167em}}B. Graff and M. Granata and A. Grant and S. Gras and C. Gray and G. Greco and A.{\hspace{0.167em}}C. Green and R.{\hspace{0.167em}}J.{\hspace{0.167em}}S. Greenhalgh and P. Groot and H. Grote and S. Grunewald and G.{\hspace{0.167em}}M. Guidi and X. Guo and A. Gupta and M.{\hspace{0.167em}}K. Gupta and K.{\hspace{0.167em}}E. Gushwa and E.{\hspace{0.167em}}K. Gustafson and R. Gustafson and J.{\hspace{0.167em}}J. Hacker and B.{\hspace{0.167em}}R. Hall and E.{\hspace{0.167em}}D. Hall and G. Hammond and M. Haney and M.{\hspace{0.167em}}M. Hanke and J. Hanks and C. Hanna and M.{\hspace{0.167em}}D. Hannam and J. Hanson and T. Hardwick and J. Harms and G.{\hspace{0.167em}}M. Harry and I.{\hspace{0.167em}}W. Harry and M.{\hspace{0.167em}}J. Hart and M.{\hspace{0.167em}}T. Hartman and C.-J. Haster and K. Haughian and J. Healy and J. Heefner and A. Heidmann and M.{\hspace{0.167em}}C. Heintze and G. Heinzel and H. Heitmann and P. Hello and G. Hemming and M. Hendry and I.{\hspace{0.167em}}S. Heng and J. Hennig and A.{\hspace{0.167em}}W. Heptonstall and M. Heurs and S. Hild and D. Hoak and K.{\hspace{0.167em}}A. Hodge and D. Hofman and S.{\hspace{0.167em}}E. Hollitt and K. Holt and D.{\hspace{0.167em}}E. Holz and P. Hopkins and D.{\hspace{0.167em}}J. Hosken and J. Hough and E.{\hspace{0.167em}}A. Houston and E.{\hspace{0.167em}}J. Howell and Y.{\hspace{0.167em}}M. Hu and S. Huang and E.{\hspace{0.167em}}A. Huerta and D. Huet and B. Hughey and S. Husa and S.{\hspace{0.167em}}H. Huttner and T. Huynh-Dinh and A. Idrisy and N. Indik and D.{\hspace{0.167em}}R. Ingram and R. Inta and H.{\hspace{0.167em}}N. Isa and J.-M. Isac and M. Isi and G. Islas and T. Isogai and B.{\hspace{0.167em}}R. Iyer and K. Izumi and M.{\hspace{0.167em}}B. Jacobson and T. Jacqmin and H. Jang and K. Jani and P. Jaranowski and S. Jawahar and F. Jim{\'{e}}nez-Forteza and W.{\hspace{0.167em}}W. Johnson and N.{\hspace{0.167em}}K. Johnson-McDaniel and D.{\hspace{0.167em}}I. Jones and R. Jones and R.{\hspace{0.167em}}J.{\hspace{0.167em}}G. Jonker and L. Ju and K. Haris and C.{\hspace{0.167em}}V. Kalaghatgi and V. Kalogera and S. Kandhasamy and G. Kang and J.{\hspace{0.167em}}B. Kanner and S. Karki and M. Kasprzack and E. Katsavounidis and W. Katzman and S. Kaufer and T. Kaur and K. Kawabe and F. Kawazoe and F. K{\'{e}}f{\'{e}}lian and M.{\hspace{0.167em}}S. Kehl and D. Keitel and D.{\hspace{0.167em}}B. Kelley and W. Kells and R. Kennedy and D.{\hspace{0.167em}}G. Keppel and J.{\hspace{0.167em}}S. Key and A. Khalaidovski and F.{\hspace{0.167em}}Y. Khalili and I. Khan and S. Khan and Z. Khan and E.{\hspace{0.167em}}A. Khazanov and N. Kijbunchoo and C. Kim and J. Kim and K. Kim and Nam-Gyu Kim and Namjun Kim and Y.-M. Kim and E.{\hspace{0.167em}}J. King and P.{\hspace{0.167em}}J. King and D.{\hspace{0.167em}}L. Kinzel and J.{\hspace{0.167em}}S. Kissel and L. Kleybolte and S. Klimenko and S.{\hspace{0.167em}}M. Koehlenbeck and K. Kokeyama and S. Koley and V. Kondrashov and A. Kontos and S. Koranda and M. Korobko and W.{\hspace{0.167em}}Z. Korth and I. Kowalska and D.{\hspace{0.167em}}B. Kozak and V. Kringel and B. Krishnan and A. Kr{\'{o}}lak and C. Krueger and G. Kuehn and P. Kumar and R. Kumar and L. Kuo and A. Kutynia and P. Kwee and B.{\hspace{0.167em}}D. Lackey and M. Landry and J. Lange and B. Lantz and P.{\hspace{0.167em}}D. Lasky and A. Lazzarini and C. Lazzaro and P. Leaci and S. Leavey and E.{\hspace{0.167em}}O. Lebigot and C.{\hspace{0.167em}}H. Lee and H.{\hspace{0.167em}}K. Lee and H.{\hspace{0.167em}}M. Lee and K. Lee and A. Lenon and M. Leonardi and J.{\hspace{0.167em}}R. Leong and N. Leroy and N. Letendre and Y. Levin and B.{\hspace{0.167em}}M. Levine and T.{\hspace{0.167em}}G.{\hspace{0.167em}}F. Li and A. Libson and T.{\hspace{0.167em}}B. Littenberg and N.{\hspace{0.167em}}A. Lockerbie and J. Logue and A.{\hspace{0.167em}}L. Lombardi and L.{\hspace{0.167em}}T. London and J.{\hspace{0.167em}}E. Lord and M. Lorenzini and V. Loriette and M. Lormand and G. Losurdo and J.{\hspace{0.167em}}D. Lough and C.{\hspace{0.167em}}O. Lousto and G. Lovelace and H. L\"{u}ck and A.{\hspace{0.167em}}P. Lundgren and J. Luo and R. Lynch and Y. Ma and T. MacDonald and B. Machenschalk and M. MacInnis and D.{\hspace{0.167em}}M. Macleod and F. Maga{\~{n}}a-Sandoval and R.{\hspace{0.167em}}M. Magee and M. Mageswaran and E. Majorana and I. Maksimovic and V. Malvezzi and N. Man and I. Mandel and V. Mandic and V. Mangano and G.{\hspace{0.167em}}L. Mansell and M. Manske and M. Mantovani and F. Marchesoni and F. Marion and S. M{\'{a}}rka and Z. M{\'{a}}rka and A.{\hspace{0.167em}}S. Markosyan and E. Maros and F. Martelli and L. Martellini and I.{\hspace{0.167em}}W. Martin and R.{\hspace{0.167em}}M. Martin and D.{\hspace{0.167em}}V. Martynov and J.{\hspace{0.167em}}N. Marx and K. Mason and A. Masserot and T.{\hspace{0.167em}}J. Massinger and M. Masso-Reid and F. Matichard and L. Matone and N. Mavalvala and N. Mazumder and G. Mazzolo and R. McCarthy and D.{\hspace{0.167em}}E. McClelland and S. McCormick and S.{\hspace{0.167em}}C. McGuire and G. McIntyre and J. McIver and D.{\hspace{0.167em}}J. McManus and S.{\hspace{0.167em}}T. McWilliams and D. Meacher and G.{\hspace{0.167em}}D. Meadors and J. Meidam and A. Melatos and G. Mendell and D. Mendoza-Gandara and R.{\hspace{0.167em}}A. Mercer and E. Merilh and M. Merzougui and S. Meshkov and C. Messenger and C. Messick and P.{\hspace{0.167em}}M. Meyers and F. Mezzani and H. Miao and C. Michel and H. Middleton and E.{\hspace{0.167em}}E. Mikhailov and L. Milano and J. Miller and M. Millhouse and Y. Minenkov and J. Ming and S. Mirshekari and C. Mishra and S. Mitra and V.{\hspace{0.167em}}P. Mitrofanov and G. Mitselmakher and R. Mittleman and A. Moggi and M. Mohan and S.{\hspace{0.167em}}R.{\hspace{0.167em}}P. Mohapatra and M. Montani and B.{\hspace{0.167em}}C. Moore and C.{\hspace{0.167em}}J. Moore and D. Moraru and G. Moreno and S.{\hspace{0.167em}}R. Morriss and K. Mossavi and B. Mours and C.{\hspace{0.167em}}M. Mow-Lowry and C.{\hspace{0.167em}}L. Mueller and G. Mueller and A.{\hspace{0.167em}}W. Muir and Arunava Mukherjee and D. Mukherjee and S. Mukherjee and N. Mukund and A. Mullavey and J. Munch and D.{\hspace{0.167em}}J. Murphy and P.{\hspace{0.167em}}G. Murray and A. Mytidis and I. Nardecchia and L. Naticchioni and R.{\hspace{0.167em}}K. Nayak and V. Necula and K. Nedkova and G. Nelemans and M. Neri and A. Neunzert and G. Newton and T.{\hspace{0.167em}}T. Nguyen and A.{\hspace{0.167em}}B. Nielsen and S. Nissanke and A. Nitz and F. Nocera and D. Nolting and M.{\hspace{0.167em}}E.{\hspace{0.167em}}N. Normandin and L.{\hspace{0.167em}}K. Nuttall and J. Oberling and E. Ochsner and J. O'Dell and E. Oelker and G.{\hspace{0.167em}}H. Ogin and J.{\hspace{0.167em}}J. Oh and S.{\hspace{0.167em}}H. Oh and F. Ohme and M. Oliver and P. Oppermann and Richard J. Oram and B. O'Reilly and R. O'Shaughnessy and C.{\hspace{0.167em}}D. Ott and D.{\hspace{0.167em}}J. Ottaway and R.{\hspace{0.167em}}S. Ottens and H. Overmier and B.{\hspace{0.167em}}J. Owen and A. Pai and S.{\hspace{0.167em}}A. Pai and J.{\hspace{0.167em}}R. Palamos and O. Palashov and C. Palomba and A. Pal-Singh and H. Pan and Y. Pan and C. Pankow and F. Pannarale and B.{\hspace{0.167em}}C. Pant and F. Paoletti and A. Paoli and M.{\hspace{0.167em}}A. Papa and H.{\hspace{0.167em}}R. Paris and W. Parker and D. Pascucci and A. Pasqualetti and R. Passaquieti and D. Passuello and B. Patricelli and Z. Patrick and B.{\hspace{0.167em}}L. Pearlstone and M. Pedraza and R. Pedurand and L. Pekowsky and A. Pele and S. Penn and A. Perreca and H.{\hspace{0.167em}}P. Pfeiffer and M. Phelps and O. Piccinni and M. Pichot and M. Pickenpack and F. Piergiovanni and V. Pierro and G. Pillant and L. Pinard and I.{\hspace{0.167em}}M. Pinto and M. Pitkin and J.{\hspace{0.167em}}H. Poeld and R. Poggiani and P. Popolizio and A. Post and J. Powell and J. Prasad and V. Predoi and S.{\hspace{0.167em}}S. Premachandra and T. Prestegard and L.{\hspace{0.167em}}R. Price and M. Prijatelj and M. Principe and S. Privitera and R. Prix and G.{\hspace{0.167em}}A. Prodi and L. Prokhorov and O. Puncken and M. Punturo and P. Puppo and M. P\"{u}rrer and H. Qi and J. Qin and V. Quetschke and E.{\hspace{0.167em}}A. Quintero and R. Quitzow-James and F.{\hspace{0.167em}}J. Raab and D.{\hspace{0.167em}}S. Rabeling and H. Radkins and P. Raffai and S. Raja and M. Rakhmanov and C.{\hspace{0.167em}}R. Ramet and P. Rapagnani and V. Raymond and M. Razzano and V. Re and J. Read and C.{\hspace{0.167em}}M. Reed and T. Regimbau and L. Rei and S. Reid and D.{\hspace{0.167em}}H. Reitze and H. Rew and S.{\hspace{0.167em}}D. Reyes and F. Ricci and K. Riles and N.{\hspace{0.167em}}A. Robertson and R. Robie and F. Robinet and A. Rocchi and L. Rolland and J.{\hspace{0.167em}}G. Rollins and V.{\hspace{0.167em}}J. Roma and J.{\hspace{0.167em}}D. Romano and R. Romano and G. Romanov and J.{\hspace{0.167em}}H. Romie and D. Rosi{\'{n}}ska and S. Rowan and A. R\"{u}diger and P. Ruggi and K. Ryan and S. Sachdev and T. Sadecki and L. Sadeghian and L. Salconi and M. Saleem and F. Salemi and A. Samajdar and L. Sammut and L.{\hspace{0.167em}}M. Sampson and E.{\hspace{0.167em}}J. Sanchez and V. Sandberg and B. Sandeen and G.{\hspace{0.167em}}H. Sanders and J.{\hspace{0.167em}}R. Sanders and B. Sassolas and B.{\hspace{0.167em}}S. Sathyaprakash and P.{\hspace{0.167em}}R. Saulson and O. Sauter and R.{\hspace{0.167em}}L. Savage and A. Sawadsky and P. Schale and R. Schilling and J. Schmidt and P. Schmidt and R. Schnabel and R.{\hspace{0.167em}}M.{\hspace{0.167em}}S. Schofield and A. Sch\"{o}nbeck and E. Schreiber and D. Schuette and B.{\hspace{0.167em}}F. Schutz and J. Scott and S.{\hspace{0.167em}}M. Scott and D. Sellers and A.{\hspace{0.167em}}S. Sengupta and D. Sentenac and V. Sequino and A. Sergeev and G. Serna and Y. Setyawati and A. Sevigny and D.{\hspace{0.167em}}A. Shaddock and T. Shaffer and S. Shah and M.{\hspace{0.167em}}S. Shahriar and M. Shaltev and Z. Shao and B. Shapiro and P. Shawhan and A. Sheperd and D.{\hspace{0.167em}}H. Shoemaker and D.{\hspace{0.167em}}M. Shoemaker and K. Siellez and X. Siemens and D. Sigg and A.{\hspace{0.167em}}D. Silva and D. Simakov and A. Singer and L.{\hspace{0.167em}}P. Singer and A. Singh and R. Singh and A. Singhal and A.{\hspace{0.167em}}M. Sintes and B.{\hspace{0.167em}}J.{\hspace{0.167em}}J. Slagmolen and J.{\hspace{0.167em}}R. Smith and M.{\hspace{0.167em}}R. Smith and N.{\hspace{0.167em}}D. Smith and R.{\hspace{0.167em}}J.{\hspace{0.167em}}E. Smith and E.{\hspace{0.167em}}J. Son and B. Sorazu and F. Sorrentino and T. Souradeep and A.{\hspace{0.167em}}K. Srivastava and A. Staley and M. Steinke and J. Steinlechner and S. Steinlechner and D. Steinmeyer and B.{\hspace{0.167em}}C. Stephens and S.{\hspace{0.167em}}P. Stevenson and R. Stone and K.{\hspace{0.167em}}A. Strain and N. Straniero and G. Stratta and N.{\hspace{0.167em}}A. Strauss and S. Strigin and R. Sturani and A.{\hspace{0.167em}}L. Stuver and T.{\hspace{0.167em}}Z. Summerscales and L. Sun and P.{\hspace{0.167em}}J. Sutton and B.{\hspace{0.167em}}L. Swinkels and M.{\hspace{0.167em}}J. Szczepa{\'{n}}czyk and M. Tacca and D. Talukder and D.{\hspace{0.167em}}B. Tanner and M. T{\'{a}}pai and S.{\hspace{0.167em}}P. Tarabrin and A. Taracchini and R. Taylor and T. Theeg and M.{\hspace{0.167em}}P. Thirugnanasambandam and E.{\hspace{0.167em}}G. Thomas and M. Thomas and P. Thomas and K.{\hspace{0.167em}}A. Thorne and K.{\hspace{0.167em}}S. Thorne and E. Thrane and S. Tiwari and V. Tiwari and K.{\hspace{0.167em}}V. Tokmakov and C. Tomlinson and M. Tonelli and C.{\hspace{0.167em}}V. Torres and C.{\hspace{0.167em}}I. Torrie and D. T\"{o}yr\"{a} and F. Travasso and G. Traylor and D. Trifir{\`{o}} and M.{\hspace{0.167em}}C. Tringali and L. Trozzo and M. Tse and M. Turconi and D. Tuyenbayev and D. Ugolini and C.{\hspace{0.167em}}S. Unnikrishnan and A.{\hspace{0.167em}}L. Urban and S.{\hspace{0.167em}}A. Usman and H. Vahlbruch and G. Vajente and G. Valdes and M. Vallisneri and N. van Bakel and M. van Beuzekom and J.{\hspace{0.167em}}F.{\hspace{0.167em}}J. van den Brand and C. Van Den Broeck and D.{\hspace{0.167em}}C. Vander-Hyde and L. van der Schaaf and J.{\hspace{0.167em}}V. van Heijningen and A.{\hspace{0.167em}}A. van Veggel and M. Vardaro and S. Vass and M. Vas{\'{u}}th and R. Vaulin and A. Vecchio and G. Vedovato and J. Veitch and P.{\hspace{0.167em}}J. Veitch and K. Venkateswara and D. Verkindt and F. Vetrano and A. Vicer{\'{e}} and S. Vinciguerra and D.{\hspace{0.167em}}J. Vine and J.-Y. Vinet and S. Vitale and T. Vo and H. Vocca and C. Vorvick and D. Voss and W.{\hspace{0.167em}}D. Vousden and S.{\hspace{0.167em}}P. Vyatchanin and A.{\hspace{0.167em}}R. Wade and L.{\hspace{0.167em}}E. Wade and M. Wade and S.{\hspace{0.167em}}J. Waldman and M. Walker and L. Wallace and S. Walsh and G. Wang and H. Wang and M. Wang and X. Wang and Y. Wang and H. Ward and R.{\hspace{0.167em}}L. Ward and J. Warner and M. Was and B. Weaver and L.-W. Wei and M. Weinert and A.{\hspace{0.167em}}J. Weinstein and R. Weiss and T. Welborn and L. Wen and P. We{\ss}els and T. Westphal and K. Wette and J.{\hspace{0.167em}}T. Whelan and S.{\hspace{0.167em}}E. Whitcomb and D.{\hspace{0.167em}}J. White and B.{\hspace{0.167em}}F. Whiting and K. Wiesner and C. Wilkinson and P.{\hspace{0.167em}}A. Willems and L. Williams and R.{\hspace{0.167em}}D. Williams and A.{\hspace{0.167em}}R. Williamson and J.{\hspace{0.167em}}L. Willis and B. Willke and M.{\hspace{0.167em}}H. Wimmer and L. Winkelmann and W. Winkler and C.{\hspace{0.167em}}C. Wipf and A.{\hspace{0.167em}}G. Wiseman and H. Wittel and G. Woan and J. Worden and J.{\hspace{0.167em}}L. Wright and G. Wu and J. Yablon and I. Yakushin and W. Yam and H. Yamamoto and C.{\hspace{0.167em}}C. Yancey and M.{\hspace{0.167em}}J. Yap and H. Yu and M. Yvert and A. Zadro{\.{z}}ny and L. Zangrando and M. Zanolin and J.-P. Zendri and M. Zevin and F. Zhang and L. Zhang and M. Zhang and Y. Zhang and C. Zhao and M. Zhou and Z. Zhou and X.{\hspace{0.167em}}J. Zhu and M.{\hspace{0.167em}}E. Zucker and S.{\hspace{0.167em}}E. Zuraw and J. Zweizig and},
  title = {Observation of Gravitational Waves from a Binary Black Hole Merger},
 entrysubtype={primaire}
}

@article{RICHTER-2000,
doi	= {10.1142/S0217751X00005450},
title	= {ASSESSMENT AND OUTLOOK},
author	= {RICHTER, BURTON},
journal	= {International Journal of Modern Physics A    vol. 15 iss. supp01b},

year	= {2000},
month	= {jul},
volume	= {15},
issue	= {supp01b},
page	= {853--879},
url =       {libgen.li/file.php?md5=4362c00e37f103ab54eee3026bfc0852},
 entrysubtype={primaire}
}
 
 @Book{smolin2006the,
 author = {Smolin, Lee},
 title = {The trouble with physics : the rise of string theory, the fall of a science, and what comes next},
 publisher = {Houghton Mifflin},
 year = {2006},
 address = {Boston},
 isbn = {978-0618918683},
 entrysubtype={primaire}
 }
 
 @Book{woit2006not,
 author = {Woit, Peter},
 title = {Not even wrong : the failure of string theory and the search for unity in physical law},
 publisher = {Basic Books},
 year = {2006},
 address = {New York},
 isbn = {978-0465092765},
 entrysubtype={primaire}
 }
 
 @article{Rovelli2011mu,
    author = "Rovelli, Carlo",
    title = "{A critical look at strings}",
    eprint = "1108.0868",
    archivePrefix = "arXiv",
    primaryClass = "hep-th",
    doi = "10.1007/s10701-011-9599-3",
    journal = "Found. Phys.",
    volume = "43",
    pages = "8",
    year = "2013",
    entrysubtype={primaire}
}
 
 @Book{hossenfelder2018lost,
 author = {Hossenfelder, Sabine},
 title = {{Lost in Math : How beauty leads physics astray}},
 publisher = {Basic Books},
 year = {2018},
 address = {New York, NY},
 isbn = {978-0465094257},
 entrysubtype={primaire}
 }
 
 @article{Dirac1963,
  doi = {10.1038/scientificamerican0563-45},
  url = {https://doi.org/10.1038/scientificamerican0563-45},
  year = {1963},
  month = may,
  publisher = {Springer Science and Business Media {LLC}},
  volume = {208},
  number = {5},
  pages = {45--53},
  author = {P. A. M. Dirac},
  title = {The Evolution of the Physicist{\textquotesingle}s Picture of Nature},
  journal = {Scientific American},
  entrysubtype = {primaire}
}
 
 @BOOK{McAllister1999,
  title     = "Beauty and Revolution in Science",
  author    = "McAllister, James W",
  publisher = "Cornell University Press",
  month     =  sep,
  year      =  1999,
  address   = "Ithaca, NY",
  language  = "en",
  entrysubtype = {secondaire}
}

 
@INCOLLECTION{Ivanova2020,
  title     = "Beauty, truth and understanding",
  booktitle = "The Aesthetics of Science",
  author    = "Ivanova, Milena",
  publisher = "Routledge",
  pages     = "86--103",
  month     =  jan,
  year      =  2020,
  address   = "New York : Routledge, 2020. | Series: Routledge studies in the
               philosophy of science",
  entrysubtype = {secondaire}
}
 
 @article{Dawid2009,
  doi = {10.1086/605794},
  url = {https://doi.org/10.1086/605794},
  year = {2009},
  month = dec,
  publisher = {Cambridge University Press ({CUP})},
  volume = {76},
  number = {5},
  pages = {984--996},
  author = {Richard Dawid},
  title = {On the Conflicting Assessments of the Current Status of String Theory},
  journal = {Philosophy of Science},
 entrysubtype={secondaire}
}
 
 @book{dawid2013string,
   title =     {String Theory and the Scientific Method},
   author =    {Richard Dawid},
   publisher = {Cambridge University Press},
   isbn =      {0521883490; 9780521883498; 9781107029712; 1107029716},
   year =      {2013},
   edition =   {1st},
   url =       {libgen.li/file.php?md5=a6263b6457eff11ca89df953a9043b95},
 entrysubtype={secondaire}
}

@article{Dawid2015a,
    author = "Dawid, Richard",
    title = "{Higgs Discovery and the Look Elsewhere Effect}",
    doi = "10.1086/679179",
    journal = "Phil. Sci.",
    volume = "82",
    number = "1",
    pages = "76--96",
    year = "2015",
    entrysubtype = {secondaire}
}

@misc{Dawid2015b,
           month = {October},
           title = {Bayesian Perspectives on the Discovery of the Higgs Particle},
          author = {Richard Dawid},
            year = {2015},
            note = {The paper will be published in Synthese},
        keywords = {Gauge field theory, standard model, Higgs, Bayesianism, confirmation, look elsewhere effect},
             url = {http://philsci-archive.pitt.edu/11700/},
        abstract = {It is argued that the high degree of trust in the Higgs particle before its discovery raises the question of a Bayesian perspective on data analysis in high energy physics in an interesting way that differs from other suggestions regarding the deployment of Bayesian strategies in the field. },
        entrysubtype = {secondaire}
}

@misc{Dawid2015c,
           month = {October},
           title = {Modelling Scientific Confirmation},
          author = {Richard Dawid},
            year = {2015},
        keywords = {confirmation, Bayesianism, non-empirical confirmation},
             url = {http://philsci-archive.pitt.edu/11725/},
        abstract = {The paper provides a presentation and motivation of the concept of non-empirical theory confirmation. Non-empirical theory confirmation is argued to play an important role in the scientific process that has not been adequately acknowledged so far. Its formalization within a Bayesian framework demonstrates that non-empirical confirmation does have the essential structural characteristics of theory confirmation. },
        entrysubtype = {secondaire}
}


@inbook{Dardashti2019Bayes,
place={Cambridge},
title={Assessing Scientific Theories: The Bayesian Approach},
DOI={10.1017/9781108671224.006},
booktitle={Why Trust a Theory?: Epistemology of Fundamental Physics},
publisher={Cambridge University Press},
year={2019},
pages={67–83},
entrysubtype = {secondaire}
}


@Book{dardashti2019why,
 author = {Dardashti, Radin and Dawid, Richard and Karim Thébault, Karim},
 title = {Why trust a theory? : epistemology of fundamental physics},
 publisher = {Cambridge University Press},
 year = {2019},
 address = {Cambridge New York, NY},
 isbn = {9781108470957},
 entrysubtype={secondaire}
 }
 
 @incollection{Kane2019,
  doi = {10.1017/9781108671224.026},
  url = {https://doi.org/10.1017/9781108671224.026},
  year = {2019},
  month = mar,
  publisher = {Cambridge University Press},
  pages = {377--399},
  title = {String/M-Theories about Our World Are Testable in the Traditional Physics Way},
  booktitle = {Why Trust a Theory?},
  entrysubtype = {primaire}
}

@article{Grinbaum2012,
  doi = {10.1007/s10701-012-9629-9},
  url = {https://doi.org/10.1007/s10701-012-9629-9},
  year = {2012},
  month = feb,
  publisher = {Springer Science and Business Media {LLC}},
  volume = {42},
  number = {5},
  pages = {615--631},
  author = {Alexei Grinbaum},
  title = {Which Fine-Tuning Arguments Are Fine?},
  journal = {Foundations of Physics},
  entrysubtype = {secondaire}
}

@article{Rivat2020,
	author = {{Rivat, S\'ebastien} and {Grinbaum, Alexei}},
	title = {Philosophical foundations of effective field theories},
	DOI= "10.1140/epja/s10050-020-00089-w",
	url= "https://doi.org/10.1140/epja/s10050-020-00089-w",
	journal = {Eur. Phys. J. A},
	year = 2020,
	volume = 56,
	number = 3,
	pages = "90",
}

@article{Cao1993,
  doi = {10.1007/bf01255832},
  url = {https://doi.org/10.1007/bf01255832},
  year = {1993},
  month = oct,
  publisher = {Springer Science and Business Media {LLC}},
  volume = {97},
  number = {1},
  pages = {33--108},
  author = {Tian Yu Cao and Silvan S. Schweber},
  title = {The conceptual foundations and the philosophical aspects of renormalization theory},
  journal = {Synthese}
}


@article{Wells2015,
  doi = {10.1016/j.shpsb.2015.01.002},
  url = {https://doi.org/10.1016/j.shpsb.2015.01.002},
  year = {2015},
  month = feb,
  publisher = {Elsevier {BV}},
  volume = {49},
  pages = {102--108},
  author = {James D. Wells},
  title = {The utility of Naturalness,  and how its application to Quantum Electrodynamics envisages the Standard Model and Higgs boson},
  journal = {Studies in History and Philosophy of Science Part B: Studies in History and Philosophy of Modern Physics},
  entrysubtype = {primaire}
}

@article{Wells2018,
  doi = {10.1007/s10701-018-0220-x},
  url = {https://doi.org/10.1007/s10701-018-0220-x},
  year = {2018},
  month = oct,
  publisher = {Springer Science and Business Media {LLC}},
  volume = {49},
  number = {9},
  pages = {991--1010},
  author = {James D. Wells},
  title = {Naturalness,  Extra-Empirical Theory Assessments,  and the Implications of Skepticism},
  journal = {Foundations of Physics},
  entrysubtype = {primaire}
}

@article{Wells2019,
  doi = {10.1007/s10701-019-00254-2},
  url = {https://doi.org/10.1007/s10701-019-00254-2},
  year = {2019},
  month = apr,
  publisher = {Springer Science and Business Media {LLC}},
  volume = {49},
  number = {5},
  pages = {428--443},
  author = {James D. Wells},
  title = {Finetuned Cancellations and Improbable Theories},
  journal = {Foundations of Physics},
  entrysubtype = {primaire}
}

 @online{Woit2020,
 title={Why the foundations of physics have not progressed for 40 Years},
 url={https://www.math.columbia.edu/~woit/wordpress/?p=11551},
 journal={Not Even Wrong},
 author={Woit, Peter},
 year = {2020},
 month = jan,
 entrysubtype = {primaire},
 url = {https://www.math.columbia.edu/~woit/wordpress/?p=11551},
 note = {Accès le 06/05/2022}
 } 
 
 @online{woit_peter_2020,
 title={Some Philosophy of Science},
 Note={Accès le 23/01/2021},
 url={https://www.math.columbia.edu/~woit/wordpress/?p=11747},
 journal={Not Even Wrong},
 author={Woit, Peter},
 year={2020},
 month={May},
 entrysubtype={primaire}
 }
 
 @Book{kuhn1970the,
 author = {Kuhn, Thomas},
 title = {The structure of scientific revolutions},
 publisher = {University of Chicago Press},
 year = {1970},
 address = {Chicago},
 isbn = {978-0226458083},
 entrysubtype={secondaire}
 }
 
 @inproceedings{Brawer1995InflationaryCA,
  title={Inflationary cosmology and horizon and flatness problems: the mutual constitution of explanation and questions},
  author={R. Brawer},
  year={1995},
 entrysubtype={secondaire}
}

@COMMENT{Barnes2019,
  doi = {10.3998/ergo.12405314.0006.042},
  url = {https://doi.org/10.3998/ergo.12405314.0006.042},
  year = {2019},
  month = oct,
  publisher = {University of Michigan Library},
  volume = {6},
  number = {20201214},
  author = {Luke A. Barnes},
  title = {A Reasonable Little Question: A Formulation of the Fine-Tuning Argument},
  journal = {Ergo,  an Open Access Journal of Philosophy},
 entrysubtype={secondaire}
}

 @book{little_science_big_science_Price1963,
  doi = {10.7312/pric91844},
  url = {https://doi.org/10.7312/pric91844},
  year = {1963},
  month = dec,
  publisher = {Columbia University Press},
  author = {Derek J. De Solla Price},
  title = {Little Science,  Big Science},
 entrysubtype={secondaire}
}

% ref of Little Science, Big Science
@article{impact_of_large_scale_science_Weinberg1961,
  doi = {10.1126/science.134.3473.161},
  url = {https://doi.org/10.1126/science.134.3473.161},
  year = {1961},
  month = jul,
  publisher = {American Association for the Advancement of Science ({AAAS})},
  volume = {134},
  number = {3473},
  pages = {161--164},
  author = {A. M. Weinberg},
  title = {Impact of Large-Scale Science on the United States: Big science is here to stay,  but we have yet to make the hard financial and educational choices it imposes},
  journal = {Science},
 entrysubtype={secondaire}
}

@misc{Barnes2021_fine_tuning,
Author = {Luke A. Barnes},
Title = {The Fine-Tuning of the Universe for Life},
Year = {2021},
Eprint = {arXiv:2110.07783},
 entrysubtype={secondaire}
}

%%% SUSY %%%

@article{Golfand1971,
    author = "Golfand, Yu. A. and Likhtman, E. P.",
    title = "{Extension of the Algebra of Poincare Group Generators and Violation of p Invariance}",
    journal = "JETP Lett.",
    volume = "13",
    pages = "323--326",
    year = "1971",
    entrysubtype = {primaire}
}

@article{Ramond1971,
  doi = {10.1103/physrevd.3.2415},
  url = {https://doi.org/10.1103/physrevd.3.2415},
  year = {1971},
  month = may,
  publisher = {American Physical Society ({APS})},
  volume = {3},
  number = {10},
  pages = {2415--2418},
  author = {P. Ramond},
  title = {Dual Theory for Free Fermions},
  journal = {Physical Review D},
  entrysubtype = {primaire}
}

@article{Gervais1971,
  doi = {10.1016/0550-3213(71)90351-8},
  url = {https://doi.org/10.1016/0550-3213(71)90351-8},
  year = {1971},
  month = nov,
  publisher = {Elsevier {BV}},
  volume = {34},
  number = {2},
  pages = {632--639},
  author = {J.-L. Gervais and B. Sakita},
  title = {Field theory interpretation of supergauges in dual models},
  journal = {Nuclear Physics B},
  entrysubtype = {primaire}
}

@article{Volkov1973,
  doi = {10.1016/0370-2693(73)90490-5},
  url = {https://doi.org/10.1016/0370-2693(73)90490-5},
  year = {1973},
  month = sep,
  publisher = {Elsevier {BV}},
  volume = {46},
  number = {1},
  pages = {109--110},
  author = {D.V. Volkov and V.P. Akulov},
  title = {Is the neutrino a goldstone particle?},
  journal = {Physics Letters B},
  entrysubtype = {primaire}
}

@article{Volkov1973jd,
    author = "Volkov, D. V. and Soroka, V. A.",
    editor = "Wess, J. and Akulov, V. P.",
    title = "Higgs Effect for Goldstone Particles with Spin 1/2",
    journal = "JETP Lett.",
    volume = "18",
    pages = "312--314",
    year = "1973"
}

@article{Wess1974,
  doi = {10.1016/0370-2693(74)90578-4},
  url = {https://doi.org/10.1016/0370-2693(74)90578-4},
  year = {1974},
  month = mar,
  publisher = {Elsevier {BV}},
  volume = {49},
  number = {1},
  pages = {52--54},
  author = {J. Wess and B. Zumino},
  title = {A lagrangian model invariant under supergauge transformations},
  journal = {Physics Letters B},
  entrysubtype = {primaire}
}

@article{Salam1974,
  doi = {10.1016/0370-2693(74)90226-3},
  url = {https://doi.org/10.1016/0370-2693(74)90226-3},
  year = {1974},
  month = aug,
  publisher = {Elsevier {BV}},
  volume = {51},
  number = {4},
  pages = {353--355},
  author = {A. Salam and J. Strathdee},
  title = {Super-symmetry and non-Abelian gauges},
  journal = {Physics Letters B},
  entrysubtype = {primaire}
}

@article{Veltman1980,
    author = "Veltman, M. J. G.",
    title = "{The Infrared - Ultraviolet Connection}",
    reportNumber = "Print-80-0851 (MICHIGAN)",
    journal = "Acta Phys. Polon. B",
    volume = "12",
    pages = "437",
    year = "1981"
}

@article{Junker2016,
  doi = {10.1088/1751-8121/50/2/021001},
  url = {https://doi.org/10.1088/1751-8121/50/2/021001},
  year = {2016},
  month = dec,
  publisher = {{IOP} Publishing},
  volume = {50},
  number = {2},
  pages = {021001},
  author = {Georg Junker},
  title = {40 years of supersymmetric quantum mechanics},
 entrysubtype={primaire}
}




@article{Ellis1984,
  doi = {10.1016/0550-3213(84)90461-9},
  url = {https://doi.org/10.1016/0550-3213(84)90461-9},
  year = {1984},
  month = jun,
  publisher = {Elsevier {BV}},
  volume = {238},
  number = {2},
  pages = {453--476},
  author = {John Ellis and J.S. Hagelin and D.V. Nanopoulos and K. Olive and M. Srednicki},
  title = {Supersymmetric relics from the big bang},
  journal = {Nuclear Physics B},
 entrysubtype={primaire}
}

@article{Ellis2016,
  doi = {10.1142/s0217751x16440024},
  url = {https://doi.org/10.1142/s0217751x16440024},
  year = {2016},
  month = nov,
  publisher = {World Scientific Pub Co Pte Lt},
  volume = {31},
  number = {33},
  pages = {1644002},
  author = {John Ellis},
  title = {Prospects for Future Collider Physics},
  journal = {International Journal of Modern Physics A},
 entrysubtype={primaire}
}

%%% EFT

@misc{Pitch1998,
  doi = {10.48550/ARXIV.HEP-PH/9806303},
  url = {https://arxiv.org/abs/hep-ph/9806303},
  author = {Pich,  A.},
  keywords = {High Energy Physics - Phenomenology (hep-ph),  FOS: Physical sciences,  FOS: Physical sciences},
  title = {Effective Field Theory},
  publisher = {arXiv},
  year = {1998},
  copyright = {Assumed arXiv.org perpetual,  non-exclusive license to distribute this article for submissions made before January 2004},
 entrysubtype={primaire}
}

@misc{Riccardo2020,
  doi = {10.48550/ARXIV.2006.16285},
  url = {https://arxiv.org/abs/2006.16285},
  author = {Penco,  Riccardo},
  keywords = {High Energy Physics - Theory (hep-th),  FOS: Physical sciences,  FOS: Physical sciences},
  title = {An Introduction to Effective Field Theories},
  publisher = {arXiv},
  year = {2020},
  copyright = {arXiv.org perpetual,  non-exclusive license},
 entrysubtype={primaire}
}

@article{Hartmann2001,
  doi = {10.1016/s1355-2198(01)00005-3},
  url = {https://doi.org/10.1016/s1355-2198(01)00005-3},
  year = {2001},
  month = jun,
  publisher = {Elsevier {BV}},
  volume = {32},
  number = {2},
  pages = {267--304},
  author = {Stephan Hartmann},
  title = {Effective Field Theories,  Reductionism and Scientific Explanation},
 entrysubtype={primaire}
}

@article{Brivio2019,
  doi = {10.1016/j.physrep.2018.11.002},
  url = {https://doi.org/10.1016/j.physrep.2018.11.002},
  year = {2019},
  month = feb,
  publisher = {Elsevier {BV}},
  volume = {793},
  pages = {1--98},
  author = {Ilaria Brivio and Michael Trott},
  title = {The standard model as an effective field theory},
  journal = {Physics Reports},
 entrysubtype={primaire}
}

@Book{davies1993la,
 author = {Davies, P. C. W.},
 title = {La Nouvelle physique},
 publisher = {Flammarion},
 year = {1993},
 address = {Paris},
 isbn = {2-257-15023-6},
 chapter = {Effective quantum field theories},
 entrysubtype={primaire}
 }

%%% HIERARCHY PROBLEM

@article{Barbieri1988,
  doi = {10.1016/0550-3213(88)90171-x},
  url = {https://doi.org/10.1016/0550-3213(88)90171-x},
  year = {1988},
  month = aug,
  publisher = {Elsevier {BV}},
  volume = {306},
  number = {1},
  pages = {63--76},
  author = {R. Barbieri and G.F. Giudice},
  title = {Upper bounds on supersymmetric particle masses},
  journal = {Nuclear Physics B},
  entrysubtype = {primaire}
}

@inproceedings{Barbieri:2000gf,
    author = "Barbieri, Riccardo and Strumia, Alessandro",
    title = "{The 'LEP paradox'}",
    booktitle = "{4th Rencontres du Vietnam}: {Physics at Extreme Energies (Particle Physics and Astrophysics)}",
    eprint = "hep-ph/0007265",
    archivePrefix = "arXiv",
    reportNumber = "IFUP-TH-2000-22, SNS-PH-00-12",
    month = "7",
    year = "2000"
}   

%%% CONDENSED MATTER

@Book{martin2018solid,
 author = {Martin, Joseph D.},
 title = {Solid state insurrection},
 subtitle = {how the science of substance made American physics matter},
 publisher = {University of Pittsburgh Press},
 year = {2018},
 address = {Pittsburgh, Pa},
 isbn = {9780822945383},
 entrysubtype={secondaire}
 }
 
 %%% STRING THEORY
 
 @article{Scherk1974ca,
    author = "Scherk, Joel and Schwarz, John H.",
    title = "{Dual Models for Nonhadrons}",
    reportNumber = "CALT-68-444",
    doi = "10.1016/0550-3213(74)90010-8",
    journal = "Nucl. Phys. B",
    volume = "81",
    pages = "118--144",
    year = "1974",
    entrysubtype = {primaire}
}
 
 @article{Friedan1986,
  doi = {10.1016/s0550-3213(86)80006-2},
  url = {https://doi.org/10.1016/s0550-3213(86)80006-2},
  year = {1986},
  month = jan,
  publisher = {Elsevier {BV}},
  volume = {271},
  number = {3-4},
  pages = {93--165},
  author = {Daniel Friedan and Emil Martinec and Stephen Shenker},
  title = {Conformal invariance,  supersymmetry and string theory},
  journal = {Nuclear Physics B},
  entrysubtype = {primaire}
}
 
 @inproceedings{Gross1989,
   doi = {10.1007/978-3-642-74136-4},
  url = {https://doi.org/10.1007/978-3-642-74136-4},
  year = {1989},
  publisher = {Springer Berlin Heidelberg},
  editor = {Rainer Kotthaus and Johann H. K\"{u}hn},
  booktitle = {{XXIV} International Conference on High Energy Physics},
  author = {Gross, David},
  title = {Superstrings and Unification},
  entrysubtype={primaire}
 }
 
 @article{Maldacena1997re,
    author = "Maldacena, Juan Martin",
    title = "{The Large N limit of superconformal field theories and supergravity}",
    eprint = "hep-th/9711200",
    archivePrefix = "arXiv",
    reportNumber = "HUTP-97-A097, HUTP-98-A097",
    doi = "10.1023/A:1026654312961",
    journal = "Adv. Theor. Math. Phys.",
    volume = "2",
    pages = "231--252",
    year = "1998",
 entrysubtype={primaire}
}

@article{Nastase2007kj,
    author = "Nastase, Horatiu",
    title = "{Introduction to AdS-CFT}",
    eprint = "0712.0689",
    archivePrefix = "arXiv",
    primaryClass = "hep-th",
    reportNumber = "TIT-HEP-578",
    month = "12",
    year = "2007",
    entrysubtype = {primaire}
}

@article{PETERSEN1999,
  doi = {10.1142/s0217751x99001676},
  url = {https://doi.org/10.1142/s0217751x99001676},
  year = {1999},
  month = sep,
  publisher = {World Scientific Pub Co Pte Lt},
  volume = {14},
  number = {23},
  pages = {3597--3672},
  author = {Jens Lyng Petersen},
  title = {{Introduction to the Maldacena Conjecture on AdS/CFT}},
  journal = {International Journal of Modern Physics A},
 entrysubtype={primaire}
}
 
 @inbook {Galison1995,
	title = {Theory Bound and Unbound: Superstrings and Experiments},
	booktitle = {Laws of Nature: Essays on the Philosophic, Scientific, and Historical Dimensions},
	year = {1995},
	pages = {369-408},
	publisher = {Walter de Gruyter},
	organization = {Walter de Gruyter},
	address = {Berlin and New York},
	author = {Peter Galison},
 entrysubtype={secondaire}
}

@misc{Schwarz1998a,
  doi = {10.48550/ARXIV.HEP-TH/9807195},
  url = {https://arxiv.org/abs/hep-th/9807195},
  author = {Schwarz,  John H.},
  keywords = {High Energy Physics - Theory (hep-th),  FOS: Physical sciences,  FOS: Physical sciences},
  title = {Beyond Gauge Theories},
  publisher = {arXiv},
  year = {1998},
  copyright = {Assumed arXiv.org perpetual,  non-exclusive license to distribute this article for submissions made before January 2004},
 entrysubtype={primaire}
}

@article{Schwarz1998,
  doi = {10.1073/pnas.95.6.2750},
  url = {https://doi.org/10.1073/pnas.95.6.2750},
  year = {1998},
  month = mar,
  publisher = {Proceedings of the National Academy of Sciences},
  volume = {95},
  number = {6},
  pages = {2750--2757},
  author = {John H. Schwarz},
  title = {Recent developments in superstring theory},
  journal = {Proceedings of the National Academy of Sciences},
 entrysubtype={primaire}
}

@misc{Tong2009,
  doi = {10.48550/ARXIV.0908.0333},
  url = {https://arxiv.org/abs/0908.0333},
  author = {Tong,  David},
  keywords = {High Energy Physics - Theory (hep-th),  FOS: Physical sciences,  FOS: Physical sciences},
  title = {Lectures on String Theory},
  publisher = {arXiv},
  year = {2009},
  copyright = {arXiv.org perpetual,  non-exclusive license},
  entrysubtype = {primaire}
}

%%% Extra-dimensions

@article{Antoniadis1990,
  doi = {10.1016/0370-2693(90)90617-f},
  url = {https://doi.org/10.1016/0370-2693(90)90617-f},
  year = {1990},
  month = aug,
  publisher = {Elsevier {BV}},
  volume = {246},
  number = {3-4},
  pages = {377--384},
  author = {I. Antoniadis},
  title = {A possible new dimension at a few {TeV}},
  journal = {Physics Letters B},
 entrysubtype={primaire}
}

@article{ArkaniHamed1998,
  doi = {10.1016/s0370-2693(98)00466-3},
  url = {https://doi.org/10.1016/s0370-2693(98)00466-3},
  year = {1998},
  month = jun,
  publisher = {Elsevier {BV}},
  volume = {429},
  number = {3-4},
  pages = {263--272},
  author = {Nima Arkani{\textendash}Hamed and Savas Dimopoulos and Gia Dvali},
  title = {The hierarchy problem and new dimensions at a millimeter},
  journal = {Physics Letters B},
  entrysubtype = {primaire}
}

@incollection{Dienes2015,
  doi = {10.1142/9789814602686_0005},
  url = {https://doi.org/10.1142/9789814602686_0005},
  year = {2015},
  month = jan,
  publisher = {{WORLD} {SCIENTIFIC}},
  pages = {81--115},
  author = {Keith R. Dienes},
  title = {The String Landscape: A Personal Perspective},
  booktitle = {Advanced Series on Directions in High Energy Physics},
  entrysubtype = {primaire}
}

%%% sociology

%%% ANT

@article{Callon1983,
  doi = {10.1177/053901883022002003},
  url = {https://doi.org/10.1177/053901883022002003},
  year = {1983},
  month = mar,
  publisher = {{SAGE} Publications},
  volume = {22},
  number = {2},
  pages = {191--235},
  author = {Michel Callon and Jean-Pierre Courtial and William A. Turner and Serge Bauin},
  title = {From translations to problematic networks: An introduction to co-word analysis},
  journal = {Social Science Information},
 entrysubtype={technical}
}

@book{callon1986mapping,
   title =     {Mapping the Dynamics of Science and Technology: Sociology of Science in the Real World},
   editor =    {Michel Callon and John Law and Arie Rip},
   publisher = {Palgrave Macmillan UK},
   isbn =      {9781349074105; 1349074101; 9781349074082; 134907408X},
   year =      {1986},
   edition =   {1},
   url =       {libgen.li/file.php?md5=75a1545861c961f578ff37e01a0427b7},
 entrysubtype={secondaire}
}

@article{Callon1991,
  doi = {10.1007/bf02019280},
  url = {https://doi.org/10.1007/bf02019280},
  year = {1991},
  month = sep,
  publisher = {Springer Science and Business Media {LLC}},
  volume = {22},
  number = {1},
  pages = {155--205},
  author = {M. Callon and J. P. Courtial and F. Laville},
  title = {Co-word analysis as a tool for describing the network of interactions between basic and technological research: The case of polymer chemsitry},
  journal = {Scientometrics},
 entrysubtype={secondaire}
}

@book{Glenn2005,
  doi = {10.4135/9781412983662},
  url = {https://doi.org/10.4135/9781412983662},
  year = {2005},
  publisher = {{SAGE} Publications,  Inc.},
  author = {Norval Glenn},
  title = {Cohort Analysis},
 entrysubtype={secondaire}
}

@Book{tauber1996science,
 author = {Tauber, Alfred},
 title = {Science and the Quest for Reality},
 publisher = {Palgrave Macmillan UK},
 year = {1996},
 address = {London},
 isbn = {9781349252497},
 entrysubtype={secondaire}
 }
 
@Book{latour2005reassembling,
 author = {Latour, Bruno},
 title = {Reassembling the social : an introduction to actor-network-theory},
 publisher = {Oxford University Press},
 year = {2005},
 address = {Oxford New York},
 isbn = {978-0199256051},
 entrysubtype={secondaire}
 }
 
@article{Bourdieu1976,
title = {Le champ scientifique},
author = {Bourdieu, Pierre},
booktitle = {La production de l’idéologie dominante.},
year = {1976},
ISSN = {0335-5322},
url = {https://www.persee.fr/doc/arss_0335-5322_1976_num_2_2_3454},
doi = {10.3406/arss.1976.3454},
language = {fre},
journal = {Actes de la recherche en sciences sociales.},
 entrysubtype={secondaire}
}

@article{Gerlach2018,
  doi = {10.1126/sciadv.aaq1360},
  url = {https://doi.org/10.1126/sciadv.aaq1360},
  year = {2018},
  month = jul,
  publisher = {American Association for the Advancement of Science ({AAAS})},
  volume = {4},
  number = {7},
  author = {Martin Gerlach and Tiago P. Peixoto and Eduardo G. Altmann},
  title = {A network approach to topic models},
  journal = {Science Advances},
 entrysubtype={technical}
}

@misc{Hecking2018,
  doi = {10.48550/ARXIV.1806.01045},
  url = {https://arxiv.org/abs/1806.01045},
  author = {Hecking,  Tobias and Leydesdorff,  Loet},
  keywords = {Computation and Language (cs.CL),  FOS: Computer and information sciences,  FOS: Computer and information sciences},
  title = {Topic Modelling of Empirical Text Corpora: Validity,  Reliability,  and Reproducibility in Comparison to Semantic Maps},
  publisher = {arXiv},
  year = {2018},
  copyright = {arXiv.org perpetual,  non-exclusive license},
 entrysubtype={technical}
}

@inproceedings{Hall2008,
author = {Hall, David and Jurafsky, Daniel and Manning, Christopher D.},
title = {Studying the History of Ideas Using Topic Models},
year = {2008},
publisher = {Association for Computational Linguistics},
address = {USA},
booktitle = {Proceedings of the Conference on Empirical Methods in Natural Language Processing},
pages = {363–371},
numpages = {9},
location = {Honolulu, Hawaii},
series = {EMNLP '08},
 entrysubtype={technical}
}

@article{BoydGraber2017,
  doi = {10.1561/1500000030},
  url = {https://doi.org/10.1561/1500000030},
  year = {2017},
  publisher = {Now Publishers},
  volume = {11},
  number = {2-3},
  pages = {143--296},
  author = {Jordan Boyd-Graber and Yuening Hu and David Mimno},
  title = {Applications of Topic Models},
  journal = {Foundations and Trends{\textregistered} in Information Retrieval},
 entrysubtype={technical}
}


@article {Griffiths2004,
	author = {Griffiths, Thomas L. and Steyvers, Mark},
	title = {Finding scientific topics},
	volume = {101},
	number = {suppl 1},
	pages = {5228--5235},
	year = {2004},
	doi = {10.1073/pnas.0307752101},
	publisher = {National Academy of Sciences},
	issn = {0027-8424},
	URL = {https://www.pnas.org/content/101/suppl_1/5228},
	eprint = {https://www.pnas.org/content/101/suppl_1/5228.full.pdf},
	journal = {Proceedings of the National Academy of Sciences},
 entrysubtype={technical}
}


@article{Blei2003,
author = {Blei, David M. and Ng, Andrew Y. and Jordan, Michael I.},
title = {Latent Dirichlet Allocation},
year = {2003},
issue_date = {3/1/2003},
publisher = {JMLR.org},
volume = {3},
number = {null},
issn = {1532-4435},
abstract = {We describe latent Dirichlet allocation (LDA), a generative probabilistic model for collections of discrete data such as text corpora. LDA is a three-level hierarchical Bayesian model, in which each item of a collection is modeled as a finite mixture over an underlying set of topics. Each topic is, in turn, modeled as an infinite mixture over an underlying set of topic probabilities. In the context of text modeling, the topic probabilities provide an explicit representation of a document. We present efficient approximate inference techniques based on variational methods and an EM algorithm for empirical Bayes parameter estimation. We report results in document modeling, text classification, and collaborative filtering, comparing to a mixture of unigrams model and the probabilistic LSI model.},
journal = {J. Mach. Learn. Res.},
month = {mar},
pages = {993–1022},
numpages = {30},
 entrysubtype={technical}
}


@article{Dieng2020,
    title = "Topic Modeling in Embedding Spaces",
    author = "Dieng, Adji B.  and
      Ruiz, Francisco J. R.  and
      Blei, David M.",
    journal = "Transactions of the Association for Computational Linguistics",
    volume = "8",
    year = "2020",
    address = "Cambridge, MA",
    publisher = "MIT Press",
    url = "https://aclanthology.org/2020.tacl-1.29",
    doi = "10.1162/tacl_a_00325",
    pages = "439--453",
 entrysubtype={technical}
}
@inproceedings{Chang2009,
Title = {Reading Tea Leaves: How Humans Interpret Topic Models},
Author = {Jonathan Chang and Jordan Boyd-Graber and Chong Wang and Sean Gerrish and David M. Blei},
Booktitle = {Neural Information Processing Systems},
Year = {2009},
Location = {Vancouver, BC},
Url = {http://umiacs.umd.edu/~jbg//docs/nips2009-rtl.pdf},
 entrysubtype={technical}
}

@article{Syakur2018_elbow,
  doi = {10.1088/1757-899x/336/1/012017},
  url = {https://doi.org/10.1088/1757-899x/336/1/012017},
  year = {2018},
  month = apr,
  publisher = {{IOP} Publishing},
  volume = {336},
  pages = {012017},
  author = {M A Syakur and B K Khotimah and E M S Rochman and B D Satoto},
  title = {Integration K-Means Clustering Method and Elbow Method For Identification of The Best Customer Profile Cluster},
  journal = {{IOP} Conference Series: Materials Science and Engineering},
 entrysubtype={technical}
}

@inproceedings{
hoyle2021is,
title={Is Automated Topic Model Evaluation Broken? The Incoherence of Coherence},
author={Alexander Hoyle and Pranav Goel and Andrew Hian-Cheong and Denis Peskov and Jordan Lee Boyd-Graber and Philip Resnik},
booktitle={Advances in Neural Information Processing Systems},
editor={A. Beygelzimer and Y. Dauphin and P. Liang and J. Wortman Vaughan},
year={2021},
url={https://openreview.net/forum?id=tjdHCnPqoo},
 entrysubtype={technical}
}

@inproceedings{schofield-etal-2017-pulling,
    title = "Pulling Out the Stops: Rethinking Stopword Removal for Topic Models",
    author = "Schofield, Alexandra  and
      Magnusson, M{\aa}ns  and
      Mimno, David",
    booktitle = "Proceedings of the 15th Conference of the {E}uropean Chapter of the Association for Computational Linguistics: Volume 2, Short Papers",
    month = apr,
    year = "2017",
    address = "Valencia, Spain",
    publisher = "Association for Computational Linguistics",
    url = "https://aclanthology.org/E17-2069",
    pages = "432--436",
    abstract = "It is often assumed that topic models benefit from the use of a manually curated stopword list. Constructing this list is time-consuming and often subject to user judgments about what kinds of words are important to the model and the application. Although stopword removal clearly affects which word types appear as most probable terms in topics, we argue that this improvement is superficial, and that topic inference benefits little from the practice of removing stopwords beyond very frequent terms. Removing corpus-specific stopwords after model inference is more transparent and produces similar results to removing those words prior to inference.",
 entrysubtype={technical}
}

@inproceedings{Wallach2009,
 author = {Wallach, Hanna and Mimno, David and McCallum, Andrew},
 booktitle = {Advances in Neural Information Processing Systems},
 editor = {Y. Bengio and D. Schuurmans and J. Lafferty and C. Williams and A. Culotta},
 pages = {},
 publisher = {Curran Associates, Inc.},
 title = {{Rethinking LDA: Why Priors Matter}},
 url = {https://proceedings.neurips.cc/paper/2009/file/0d0871f0806eae32d30983b62252da50-Paper.pdf},
 volume = {22},
 year = {2009},
 entrysubtype={technical}
}

@misc{tomotopy,
  doi = {10.5281/ZENODO.5467561},
  url = {https://zenodo.org/record/5467561},
  author = {{Bab2min} and Fenstermacher,  Douglas and Schneider,  Jonathan},
  title = {Python package of Tomoto, the Topic Modeling Tool},
  publisher = {Zenodo},
  year = {2021},
  copyright = {Open Access},
 entrysubtype={technical}
}

@misc{pystan,
  title = {pystan (3.0.0)},
  author = {Riddell, Allen and Hartikainen, Ari and Carter, Matthew},
  year = {2021},
  month = mar,
  howpublished = {PyPI},
 entrysubtype={technical}
}

@incollection{ApacheParquet,
  doi = {10.1007/978-1-4842-2199-0_8},
  url = {https://doi.org/10.1007/978-1-4842-2199-0_8},
  year = {2016},
  publisher = {Apress},
  pages = {325--335},
  author = {Deepak Vohra},
  title = {Apache Parquet},
  booktitle = {Practical Hadoop Ecosystem},
 entrysubtype={technical}
}

@book{nltk,
  title={Natural language processing with Python: analyzing text with the natural language toolkit},
  author={Bird, Steven and Klein, Ewan and Loper, Edward},
  year={2009},
  publisher={" O'Reilly Media, Inc."},
 entrysubtype={technical}
}

@article{pythonternary,
  title={python-ternary: Ternary Plots in Python},
  author={Marc Harper},
  journal={Zenodo 10.5281/zenodo.594435},
  doi={10.5281/zenodo.594435},
  url={https://github.com/marcharper/python-ternary},
  year={2021},
 entrysubtype={technical}
}

@inproceedings{pyldavis,
    title = "{LDA}vis: A method for visualizing and interpreting topics",
    author = "Sievert, Carson  and
      Shirley, Kenneth",
    booktitle = "Proceedings of the Workshop on Interactive Language Learning, Visualization, and Interfaces",
    month = jun,
    year = "2014",
    address = "Baltimore, Maryland, USA",
    publisher = "Association for Computational Linguistics",
    url = "https://aclanthology.org/W14-3110",
    doi = "10.3115/v1/W14-3110",
    pages = "63--70",
 entrysubtype={technical}
}

@inproceedings{word2vec,
  author    = {Tom{\'{a}}s Mikolov and
               Kai Chen and
               Greg Corrado and
               Jeffrey Dean},
  editor    = {Yoshua Bengio and
               Yann LeCun},
  title     = {Efficient Estimation of Word Representations in Vector Space},
  booktitle = {1st International Conference on Learning Representations, {ICLR} 2013,
               Scottsdale, Arizona, USA, May 2-4, 2013, Workshop Track Proceedings},
  year      = {2013},
  url       = {http://arxiv.org/abs/1301.3781},
  timestamp = {Mon, 28 Dec 2020 11:31:01 +0100},
  biburl    = {https://dblp.org/rec/journals/corr/abs-1301-3781.bib},
  bibsource = {dblp computer science bibliography, https://dblp.org},
 entrysubtype={technical}
}

@article{Chen2004,
  doi = {10.1073/pnas.0307513100},
  url = {https://doi.org/10.1073/pnas.0307513100},
  year = {2004},
  month = apr,
  publisher = {Proceedings of the National Academy of Sciences},
  volume = {101},
  number = {suppl{\_}1},
  pages = {5303--5310},
  author = {Chaomei Chen},
  title = {Searching for intellectual turning points: Progressive knowledge domain visualization},
  journal = {Proceedings of the National Academy of Sciences},
 entrysubtype={technical}
}

@article{Savov2020,
  doi = {10.1016/j.ipm.2019.102168},
  url = {https://doi.org/10.1016/j.ipm.2019.102168},
  year = {2020},
  month = mar,
  publisher = {Elsevier {BV}},
  volume = {57},
  number = {2},
  pages = {102168},
  author = {Pavel Savov and Adam Jatowt and Radoslaw Nielek},
  title = {Identifying breakthrough scientific papers},
  journal = {Information Processing {\&} Management},
 entrysubtype={technical}
}

@inproceedings{Blei2006,
  doi = {10.1145/1143844.1143859},
  url = {https://doi.org/10.1145/1143844.1143859},
  year = {2006},
  publisher = {{ACM} Press},
  author = {David M. Blei and John D. Lafferty},
  title = {Dynamic topic models},
  booktitle = {Proceedings of the 23rd international conference on Machine learning  - {ICML} {\textquotesingle}06},
 entrysubtype={technical}
}

@inproceedings{syntax_topic_model,
 author = {Griffiths, Thomas and Steyvers, Mark and Blei, David and Tenenbaum, Joshua},
 booktitle = {Advances in Neural Information Processing Systems},
 editor = {L. Saul and Y. Weiss and L. Bottou},
 pages = {},
 publisher = {MIT Press},
 title = {Integrating Topics and Syntax},
 url = {https://proceedings.neurips.cc/paper/2004/file/ef0917ea498b1665ad6c701057155abe-Paper.pdf},
 volume = {17},
 year = {2004},
 entrysubtype = {technical}
}


@article{Blei2007,
author = {David M. Blei and John D. Lafferty},
title = {{A correlated topic model of Science}},
volume = {1},
journal = {The Annals of Applied Statistics},
number = {1},
publisher = {Institute of Mathematical Statistics},
pages = {17 -- 35},
keywords = {approximate posterior inference, hierarchical models, text analysis, variational methods},
year = {2007},
doi = {10.1214/07-AOAS114},
URL = {https://doi.org/10.1214/07-AOAS114},
 entrysubtype={technical}
}


@article{Blei2010,
  doi = {10.1145/1667053.1667056},
  url = {https://doi.org/10.1145/1667053.1667056},
  year = {2010},
  month = jan,
  publisher = {Association for Computing Machinery ({ACM})},
  volume = {57},
  number = {2},
  pages = {1--30},
  author = {David M. Blei and Thomas L. Griffiths and Michael I. Jordan},
  title = {The nested chinese restaurant process and bayesian nonparametric inference of topic hierarchies},
  journal = {Journal of the {ACM}},
 entrysubtype={technical}
}

@article{10.1371/journal.pone.0243208,
    doi = {10.1371/journal.pone.0243208},
    author = {Muchene, Leacky AND Safari, Wende},
    journal = {PLOS ONE},
    publisher = {Public Library of Science},
    title = {Two-stage topic modelling of scientific publications: A case study of University of Nairobi, Kenya},
    year = {2021},
    month = {01},
    volume = {16},
    url = {https://doi.org/10.1371/journal.pone.0243208},
    pages = {1-20},
    number = {1},
 entrysubtype={technical}

}

@inproceedings{Syed2017,
  doi = {10.1109/dsaa.2017.61},
  url = {https://doi.org/10.1109/dsaa.2017.61},
  year = {2017},
  month = oct,
  publisher = {{IEEE}},
  author = {Shaheen Syed and Marco Spruit},
  title = {Full-Text or Abstract? Examining Topic Coherence Scores Using Latent Dirichlet Allocation},
  booktitle = {2017 {IEEE} International Conference on Data Science and Advanced Analytics ({DSAA})},
 entrysubtype={technical}
}

@article{Battiston2019,
  doi = {10.1038/s42254-018-0005-3},
  url = {https://doi.org/10.1038/s42254-018-0005-3},
  year = {2019},
  month = jan,
  volume = 1,
  number = 1,
  pages = {89--97},
  author = {Federico Battiston and Federico Musciotto and Dashun Wang and Albert-László Barabási and Michael Szell and Roberta Sinatra},
  title = {Taking census of physics},
  journal = {Nature Reviews Physics}
}

@article{Aleta2019,
  doi = {10.1140/epjds/s13688-019-0205-9},
  url = {https://doi.org/10.1140/epjds/s13688-019-0205-9},
  year = {2019},
  month = sep,
  publisher = {Springer Science and Business Media {LLC}},
  volume = {8},
  number = {1},
  author = {Alberto Aleta and Sandro Meloni and Nicola Perra and Yamir Moreno},
  title = {Explore with caution: mapping the evolution of scientific interest in physics},
  journal = {{EPJ} Data Science}
}

@article{Raimbault2019,
  doi = {10.1007/s11192-019-03090-3},
  url = {https://doi.org/10.1007/s11192-019-03090-3},
  year = {2019},
  month = mar,
  publisher = {Springer Science and Business Media {LLC}},
  volume = {119},
  number = {2},
  pages = {617--641},
  author = {Juste Raimbault},
  title = {Exploration of an interdisciplinary scientific landscape},
  journal = {Scientometrics}
}

@incollection{Newman2004,
  doi = {10.1007/978-3-540-44485-5_16},
  url = {https://doi.org/10.1007/978-3-540-44485-5_16},
  year = {2004},
  month = aug,
  publisher = {Springer Berlin Heidelberg},
  pages = {337--370},
  author = {Mark E.J. Newman},
  title = {Who Is the Best Connected Scientist?A Study of Scientific Coauthorship Networks},
  booktitle = {Complex Networks},
 entrysubtype={technical}
}

@article{Freeman1977,
  doi = {10.2307/3033543},
  url = {https://doi.org/10.2307/3033543},
  year = {1977},
  month = mar,
  publisher = {{JSTOR}},
  volume = {40},
  number = {1},
  pages = {35},
  author = {Linton C. Freeman},
  title = {A Set of Measures of Centrality Based on Betweenness},
  journal = {Sociometry},
  entrysubtype={technical}
}

@article{Plata2021,
  doi = {10.1103/physrevresearch.3.013070},
  url = {https://doi.org/10.1103/physrevresearch.3.013070},
  year = {2021},
  month = jan,
  publisher = {American Physical Society ({APS})},
  volume = {3},
  number = {1},
  author = {Carlos A. Plata and Emanuele Pigani and Sandro Azaele and Violeta Calleja-Solanas and Mar{\'{\i}}a J. Palazzi and Albert Sol{\'{e}}-Ribalta and Javier Borge-Holthoefer and Sandro Meloni and Samir Suweis},
  title = {Neutral theory for competing attention in social networks},
  journal = {Physical Review Research},
 entrysubtype={technical}
}


@incollection{Rodrigues2018,
  doi = {10.1007/978-3-319-78512-7_10},
  url = {https://doi.org/10.1007/978-3-319-78512-7_10},
  year = {2018},
  month = jun,
  publisher = {Springer International Publishing},
  pages = {177--196},
  author = {Francisco Aparecido Rodrigues},
  title = {Network Centrality: An Introduction},
  booktitle = {A Mathematical Modeling Approach from Nonlinear Dynamics to Complex Systems},
 entrysubtype={technical}
}

@inproceedings{Gillani2021,
  doi = {10.1145/3430984.3431020},
  url = {https://doi.org/10.1145/3430984.3431020},
  year = {2021},
  month = jan,
  publisher = {{ACM}},
  author = {Iqra Altaf Gillani and Amitabha Bagchi and Sayan Ranu},
  title = {A Group-to-Group Version of Random Walk Betweenness Centrality},
  booktitle = {8th {ACM} {IKDD} {CODS} and 26th {COMAD}}
}

@article{Li2019,
  doi = {10.1038/s41467-019-13130-4},
  url = {https://doi.org/10.1038/s41467-019-13130-4},
  year = {2019},
  month = nov,
  publisher = {Springer Science and Business Media {LLC}},
  volume = {10},
  number = {1},
  author = {Weihua Li and Tomaso Aste and Fabio Caccioli and Giacomo Livan},
  title = {Early coauthorship with top scientists predicts success in academic careers},
  journal = {Nature Communications},
 entrysubtype={technical}
}

@article{Karaca2013,
  doi = {10.1017/s0269889712000300},
  url = {https://doi.org/10.1017/s0269889712000300},
  year = {2013},
  month = feb,
  publisher = {Cambridge University Press ({CUP})},
  volume = {26},
  number = {1},
  pages = {93--136},
  author = {Koray Karaca},
  title = {The Strong and Weak Senses of Theory-Ladenness of Experimentation: Theory-Driven versus Exploratory Experiments in the History of High-Energy Particle Physics},
  journal = {Science in Context},
  entrysubtype = {secondaire}
}

@article{Karaca2016,
  doi = {10.1007/s11229-016-1206-x},
  url = {https://doi.org/10.1007/s11229-016-1206-x},
  year = {2016},
  month = sep,
  publisher = {Springer Science and Business Media {LLC}},
  volume = {194},
  number = {2},
  pages = {333--354},
  author = {Koray Karaca},
  title = {A case study in experimental exploration: exploratory data selection at the Large Hadron Collider},
  journal = {Synthese},
  entrysubtype = {secondaire}
}

@book{Steinle2016,
  title     = "Exploratory experiments",
  author    = "Steinle, Friedrich",
  publisher = "University of Pittsburgh Press",
  month     =  apr,
  year      =  2016,
  address   = "Pittsburgh, PA",
  entrysubtype = {secondaire}
}

@article{Mttig2019,
  doi = {10.1016/j.shpsb.2018.09.001},
  url = {https://doi.org/10.1016/j.shpsb.2018.09.001},
  year = {2019},
  month = feb,
  publisher = {Elsevier {BV}},
  volume = {65},
  pages = {73--96},
  author = {Peter M\"{a}ttig and Michael St\"{o}ltzner},
  title = {Model choice and crucial tests. On the empirical epistemology of the Higgs discovery},
  journal = {Studies in History and Philosophy of Science Part B: Studies in History and Philosophy of Modern Physics},
  entrysubtype = {secondaire}
}

@article{Mttig2020a,
  doi = {10.1016/j.shpsb.2019.07.003},
  url = {https://doi.org/10.1016/j.shpsb.2019.07.003},
  year = {2020},
  month = feb,
  publisher = {Elsevier {BV}},
  volume = {69},
  pages = {12--25},
  author = {Peter M\"{a}ttig and Michael St\"{o}ltzner},
  title = {Model landscapes and event signatures in elementary particle physics},
  journal = {Studies in History and Philosophy of Science Part B: Studies in History and Philosophy of Modern Physics},
 entrysubtype={secondaire}
}

@article{Mttig2020b,
  doi = {10.1086/710618},
  url = {https://doi.org/10.1086/710618},
  year = {2020},
  month = dec,
  publisher = {Cambridge University Press ({CUP})},
  volume = {87},
  number = {5},
  pages = {1246--1256},
  author = {Peter M\"{a}ttig and Michael St\"{o}ltzner},
  title = {Searching for Signatures},
  journal = {Philosophy of Science},
  entrysubtype = {secondaire}
}

@article{Camilleri2015,
  doi = {10.1016/j.shpsb.2015.07.003},
  url = {https://doi.org/10.1016/j.shpsb.2015.07.003},
  year = {2015},
  month = aug,
  publisher = {Elsevier {BV}},
  volume = {51},
  pages = {44--56},
  author = {Kristian Camilleri and Sophie Ritson},
  title = {The role of heuristic appraisal in conflicting assessments of string theory},
  journal = {Studies in History and Philosophy of Science Part B: Studies in History and Philosophy of Modern Physics},
  entrysubtype = {secondaire}
}

@article{Ritson2020,
  doi = {10.1016/j.shpsb.2019.08.002},
  url = {https://doi.org/10.1016/j.shpsb.2019.08.002},
  year = {2020},
  month = feb,
  publisher = {Elsevier {BV}},
  volume = {69},
  pages = {1--11},
  author = {Sophie Ritson},
  title = {Probing novelty at the {LHC}: Heuristic appraisal of disruptive experimentation},
  journal = {Studies in History and Philosophy of Science Part B: Studies in History and Philosophy of Modern Physics},
 entrysubtype={secondaire}
}

@INCOLLECTION{Elgin2020,
  title     = "Epistemic Gatekeepers: The Role of Aesthetic Factors in Science",
  booktitle = "The Aesthetics of Science",
  author    = "Elgin, Catherine Z",
  publisher = "Routledge",
  pages     = "21--35",
  month     =  jan,
  year      =  2020,
  address   = "New York : Routledge, 2020. | Series: Routledge studies in the
               philosophy of science",
  entrysubtype = {secondaire}
}


@Book{buchwald1995scientific,
 author = {Buchwald, Jed},
 title = {Scientific practice : theories and stories of doing physics},
 publisher = {University of Chicago Press},
 year = {1995},
 address = {Chicago},
 isbn = {9780226078908},
 entrysubtype={secondaire}
 }
 
 @article{Darrigol1997,
  doi = {10.3406/rhs.1997.1279},
  url = {https://doi.org/10.3406/rhs.1997.1279},
  year = {1997},
  publisher = {{PERSEE} Program},
  volume = {50},
  number = {1},
  pages = {195--206},
  author = {Olivier Darrigol},
  title = {Histoires de pratiques,  pratiques de l'histoire/Histories of practices,  practices of history},
  journal = {Revue d'histoire des sciences},
  entrysubtype = {secondaire}
}
 
 @incollection{Galison1995b,
 author={Galison, Peter},
 title={Context and Constraints},
 booktitle={Scientific practice : theories and stories of doing physics},
 chapter=2,
 editor={Buchwald, Jed},
 publisher = {University of Chicago Press},
 year = {1995},
 address = {Chicago},
 isbn = {9780226078908},
 entrysubtype={secondaire}
 }
 
 @article{Weinberg1980,
  doi = {10.1126/science.210.4475.1212},
  url = {https://doi.org/10.1126/science.210.4475.1212},
  year = {1980},
  month = dec,
  publisher = {American Association for the Advancement of Science ({AAAS})},
  volume = {210},
  number = {4475},
  pages = {1212--1218},
  author = {Steven Weinberg},
  title = {Conceptual Foundations of the Unified Theory of Weak and Electromagnetic Interactions},
  journal = {Science},
  entrysubtype={primaire}
}

@article{Ritson2015,
  doi = {10.1162/posc_a_00168},
  url = {https://doi.org/10.1162/posc_a_00168},
  year = {2015},
  month = apr,
  publisher = {{MIT} Press - Journals},
  volume = {23},
  number = {2},
  pages = {192--227},
  author = {Sophie Ritson and Kristian Camilleri},
  title = {Contested Boundaries: The String Theory Debates and Ideologies of Science},
  journal = {Perspectives on Science}
}

 
@article{Ritson2021,
  doi = {10.1016/j.shpsa.2021.08.016},
  url = {https://doi.org/10.1016/j.shpsa.2021.08.016},
  year = {2021},
  month = dec,
  publisher = {Elsevier {BV}},
  volume = {90},
  pages = {39--49},
  author = {Sophie Ritson},
  title = {Constraints and divergent assessments of fertility in non-empirical physics in the history of the string theory controversy},
  journal = {Studies in History and Philosophy of Science Part A},
  entrysubtype={secondaire}
}

@incollection{Merz2017,
  doi = {10.1007/978-3-658-19269-3_15},
  url = {https://doi.org/10.1007/978-3-658-19269-3_15},
  year = {2017},
  month = sep,
  publisher = {Springer Fachmedien Wiesbaden},
  pages = {325--339},
  author = {Martina Merz},
  title = {Epistemic Innovation},
  booktitle = {Innovation Society Today},
  entrysubtype={secondaire}
}

@article{Bannigan2009,
  doi = {10.1111/j.1365-2702.2009.02939.x},
  url = {https://doi.org/10.1111/j.1365-2702.2009.02939.x},
  year = {2009},
  month = dec,
  publisher = {Wiley},
  volume = {18},
  number = {23},
  pages = {3237--3243},
  author = {Katrina Bannigan and Roger Watson},
  title = {Reliability and validity in a nutshell},
  journal = {Journal of Clinical Nursing},
  entrysubtype={technical}
}

%%% internal vs external 
@Inbook{Yturbe1995,
author="Yturbe, Corina",
editor="Ramirez, Santiago
and Cohen, Robert S.",
title="The History of Science: Internal or External?",
bookTitle="Mexican Studies in the History and Philosophy of Science",
year="1995",
publisher="Springer Netherlands",
address="Dordrecht",
pages="71--87",
abstract="1. Contemporary historians and philosophers of science have shown an even greater reluctance to accept a dichotomy between `internal' and `external' factors that intervene in the development of scientific knowledge. In the recent Anglo-Saxon tradition, we find two fundamental positions with respect to the internal-history/external-history problem. One of these consists in defending an `internalist' position with regard to the history of science, or, at least, in supposing that internal factors have a greater relevance for science than external ones. On the other hand, there is an increasingly more serious interest in constructing a `new history of science', based on the complementarity of the internalist approach and the externalist approach, and on the utilization of methods drawn from other social disciplines.",
isbn="978-94-009-0109-4",
doi="10.1007/978-94-009-0109-4_6",
url="https://doi.org/10.1007/978-94-009-0109-4_6",
entrysubtype={secondaire}
}

@Book{kuhn1977the,
 author = {Kuhn, Thomas},
 title = {The essential tension : selected studies in scientific tradition and change},
 publisher = {University of Chicago Press},
 year = {1977},
 address = {Chicago},
 isbn = {9780226217239},
 entrysubtype={secondaire}
 }
 
 @incollection{Irzik2015,
  doi = {10.1007/978-3-319-14553-2_14},
  url = {https://doi.org/10.1007/978-3-319-14553-2_14},
  year = {2015},
  publisher = {Springer International Publishing},
  pages = {211--223},
  author = {G\"{u}rol Irzik},
  title = {The Internal-External Distinction Sheds Light on the History of the Twentieth-Century Philosophy of Science},
  booktitle = {Boston Studies in the Philosophy and History of Science},
  entrysubtype={secondaire}
}

@incollection{Arabatzis1994,
  doi = {10.1007/978-94-017-3596-4_14},
  url = {https://doi.org/10.1007/978-94-017-3596-4_14},
  year = {1994},
  publisher = {Springer Netherlands},
  pages = {177--192},
  author = {Theodore Arabatzis},
  title = {Rational Versus Sociological Reductionism: Imre Lakatos and the Edinburgh School},
  booktitle = {Trends in the Historiography of Science},
  entrysubtype={secondaire}
}

@BOOK{Arabatzis2005,
  title     = "{Representing Electrons}",
  author    = "Arabatzis, Theodore",
  publisher = "University of Chicago Press",
  month     =  dec,
  year      =  2005,
  address   = "Chicago, IL",
  language  = "en",
  entrysubtype = {secondaire}
}


@article{Nanay2017,
  doi = {10.1017/s0031819117000067},
  url = {https://doi.org/10.1017/s0031819117000067},
  year = {2017},
  month = feb,
  publisher = {Cambridge University Press ({CUP})},
  volume = {92},
  number = {2},
  pages = {207--230},
  author = {Bence Nanay},
  title = {Internal History versus External History},
  journal = {Philosophy},
  entrysubtype={secondaire}
}

 @online{Woit2021,
 title={Various math and physics news},
 url={https://www.math.columbia.edu/~woit/wordpress/?p=12502},
 publisher={{Not Even Wrong}},
 author={Woit, Peter},
 year=2021,
 month=oct,
 options = {skipbib=true}
 } 
 
 
 @unpublished{Castellani2022,
  author = {Elena Castellani},
  title = {SUSY: the birth of an idea},
  year = {2022},
  month = may,
  note = {{Establishing the Philosophy of Supersymmetry, Stockholm}},
  entrysubtype = {secondaire}
 }
 
 
  @online{Falkowski2022,
  title={How large is the W mass anomaly},
  url={http://resonaances.blogspot.com/2022/04/how-large-is-w-boson-anomaly.html},
  journal={Résonaances},
  author={Falkowski, Adam},
  note = {Accès le 06/06/2022},
  year = 2022,
  month = apr,
  day = 19,
  entrysubtype = {primaire}
  }
  
  @article{CDF2022,
  doi = {10.1126/science.abk1781},
  url = {https://doi.org/10.1126/science.abk1781},
  year = {2022},
  month = apr,
  publisher = {American Association for the Advancement of Science ({AAAS})},
  volume = {376},
  number = {6589},
  pages = {170--176},
  author = {T. Aaltonen and S. Amerio and D. Amidei and A. Anastassov and A. Annovi and J. Antos and G. Apollinari and J. A. Appel and T. Arisawa and A. Artikov and J. Asaadi and W. Ashmanskas and B. Auerbach and A. Aurisano and F. Azfar and W. Badgett and T. Bae and A. Barbaro-Galtieri and V. E. Barnes and B. A. Barnett and P. Barria and P. Bartos and M. Bauce and F. Bedeschi and S. Behari and G. Bellettini and J. Bellinger and D. Benjamin and A. Beretvas and A. Bhatti and K. R. Bland and B. Blumenfeld and A. Bocci and A. Bodek and D. Bortoletto and J. Boudreau and A. Boveia and L. Brigliadori and C. Bromberg and E. Brucken and J. Budagov and H. S. Budd and K. Burkett and G. Busetto and P. Bussey and P. Butti and A. Buzatu and A. Calamba and S. Camarda and M. Campanelli and B. Carls and D. Carlsmith and R. Carosi and S. Carrillo and B. Casal and M. Casarsa and A. Castro and P. Catastini and D. Cauz and V. Cavaliere and A. Cerri and L. Cerrito and Y. C. Chen and M. Chertok and G. Chiarelli and G. Chlachidze and K. Cho and D. Chokheli and A. Clark and C. Clarke and M. E. Convery and J. Conway and M. Corbo and M. Cordelli and C. A. Cox and D. J. Cox and M. Cremonesi and D. Cruz and J. Cuevas and R. Culbertson and N. d'Ascenzo and M. Datta and P. de Barbaro and L. Demortier and M. Deninno and M. D'Errico and F. Devoto and A. Di Canto and B. Di Ruzza and J. R. Dittmann and S. Donati and M. D'Onofrio and M. Dorigo and A. Driutti and K. Ebina and R. Edgar and A. Elagin and R. Erbacher and S. Errede and B. Esham and S. Farrington and J. P. Fern{\'{a}}ndez Ramos and R. Field and G. Flanagan and R. Forrest and M. Franklin and J. C. Freeman and H. Frisch and Y. Funakoshi and C. Galloni and A. F. Garfinkel and P. Garosi and H. Gerberich and E. Gerchtein and S. Giagu and V. Giakoumopoulou and K. Gibson and C. M. Ginsburg and N. Giokaris and P. Giromini and V. Glagolev and D. Glenzinski and M. Gold and D. Goldin and A. Golossanov and G. Gomez and G. Gomez-Ceballos and M. Goncharov and O. Gonz{\'{a}}lez L{\'{o}}pez and I. Gorelov and A. T. Goshaw and K. Goulianos and E. Gramellini and C. Grosso-Pilcher and J. Guimaraes da Costa and S. R. Hahn and J. Y. Han and F. Happacher and K. Hara and M. Hare and R. F. Harr and T. Harrington-Taber and K. Hatakeyama and C. Hays and J. Heinrich and M. Herndon and A. Hocker and Z. Hong and W. Hopkins and S. Hou and R. E. Hughes and U. Husemann and M. Hussein and J. Huston and G. Introzzi and M. Iori and A. Ivanov and E. James and D. Jang and B. Jayatilaka and E. J. Jeon and S. Jindariani and M. Jones and K. K. Joo and S. Y. Jun and T. R. Junk and M. Kambeitz and T. Kamon and P. E. Karchin and A. Kasmi and Y. Kato and W. Ketchum and J. Keung and B. Kilminster and D. H. Kim and H. S. Kim and J. E. Kim and M. J. Kim and S. H. Kim and S. B. Kim and Y. J. Kim and Y. K. Kim and N. Kimura and M. Kirby and K. Kondo and D. J. Kong and J. Konigsberg and A. V. Kotwal and M. Kreps and J. Kroll and M. Kruse and T. Kuhr and M. Kurata and A. T. Laasanen and S. Lammel and M. Lancaster and K. Lannon and G. Latino and H. S. Lee and J. S. Lee and S. Leo and S. Leone and J. D. Lewis and A. Limosani and E. Lipeles and A. Lister and Q. Liu and T. Liu and S. Lockwitz and A. Loginov and D. Lucchesi and A. Luc{\`{a}} and J. Lueck and P. Lujan and P. Lukens and G. Lungu and J. Lys and R. Lysak and R. Madrak and P. Maestro and S. Malik and G. Manca and A. Manousakis-Katsikakis and L. Marchese and F. Margaroli and P. Marino and K. Matera and M. E. Mattson and A. Mazzacane and P. Mazzanti and R. McNulty and A. Mehta and P. Mehtala and A. Menzione and C. Mesropian and T. Miao and E. Michielin and D. Mietlicki and A. Mitra and H. Miyake and S. Moed and N. Moggi and C. S. Moon and R. Moore and M. J. Morello and A. Mukherjee and Th. Muller and P. Murat and M. Mussini and J. Nachtman and Y. Nagai and J. Naganoma and I. Nakano and A. Napier and J. Nett and T. Nigmanov and L. Nodulman and S. Y. Noh and O. Norniella and L. Oakes and S. H. Oh and Y. D. Oh and T. Okusawa and R. Orava and L. Ortolan and C. Pagliarone and E. Palencia and P. Palni and V. Papadimitriou and W. Parker and G. Pauletta and M. Paulini and C. Paus and T. J. Phillips and G. Piacentino and E. Pianori and J. Pilot and K. Pitts and C. Plager and L. Pondrom and S. Poprocki and K. Potamianos and A. Pranko and F. Prokoshin and F. Ptohos and G. Punzi and I. Redondo Fern{\'{a}}ndez and P. Renton and M. Rescigno and F. Rimondi and L. Ristori and A. Robson and T. Rodriguez and S. Rolli and M. Ronzani and R. Roser and J. L. Rosner and F. Ruffini and A. Ruiz and J. Russ and V. Rusu and W. K. Sakumoto and Y. Sakurai and L. Santi and K. Sato and V. Saveliev and A. Savoy-Navarro and P. Schlabach and E. E. Schmidt and T. Schwarz and L. Scodellaro and F. Scuri and S. Seidel and Y. Seiya and A. Semenov and F. Sforza and S. Z. Shalhout and T. Shears and P. F. Shepard and M. Shimojima and M. Shochet and I. Shreyber-Tecker and A. Simonenko and K. Sliwa and J. R. Smith and F. D. Snider and H. Song and V. Sorin and R. St. Denis and M. Stancari and D. Stentz and J. Strologas and Y. Sudo and A. Sukhanov and I. Suslov and K. Takemasa and Y. Takeuchi and J. Tang and M. Tecchio and P. K. Teng and J. Thom and E. Thomson and V. Thukral and D. Toback and S. Tokar and K. Tollefson and T. Tomura and S. Torre and D. Torretta and P. Totaro and M. Trovato and F. Ukegawa and S. Uozumi and F. V{\'{a}}zquez and G. Velev and K. Vellidis and C. Vernieri and M. Vidal and R. Vilar and J. Viz{\'{a}}n and M. Vogel and G. Volpi and P. Wagner and R. Wallny and S. M. Wang and D. Waters and W. C. Wester and D. Whiteson and A. B. Wicklund and S. Wilbur and H. H. Williams and J. S. Wilson and P. Wilson and B. L. Winer and P. Wittich and S. Wolbers and H. Wolfmeister and T. Wright and X. Wu and Z. Wu and K. Yamamoto and D. Yamato and T. Yang and U. K. Yang and Y. C. Yang and W.-M. Yao and G. P. Yeh and K. Yi and J. Yoh and K. Yorita and T. Yoshida and G. B. Yu and I. Yu and A. M. Zanetti and Y. Zeng and C. Zhou and S. Zucchelli},
  title = {High-precision measurement of the
		            $W$
		            boson mass with the {CDF} {II} detector},
  journal = {Science},
  entrysubtype = {primaire}
}

@online{sm_diagram,
author = {Ludwig Neste},
title = {tikz Diagram: Standard Model Particles},
url = {https://github.com/The-Ludwig/tikz-SM-particles},
note = {MIT License},
year = 2020,
entrysubtype = {technical}
}

@book{Goldman2010,
	year = {2010},
	editor = {Alvin Goldman and Dennis Whitcomb},
	title = {Social Epistemology},
	subtitle = {Essential Readings},
	publisher = {Oxford University Press},
	entrysubtype = {secondaire}
}

@inbook{thelen_mahoney_2015,
    place={Cambridge},
    series={Strategies for Social Inquiry},
    title={Comparative-historical analysis in contemporary political science},
    DOI={10.1017/CBO9781316273104.002},
    booktitle={Advances in Comparative-Historical Analysis},
    publisher={Cambridge University Press},
    author={Thelen, Kathleen and Mahoney, James},
    editor={Mahoney, James and Thelen, KathleenEditors},
    year={2015},
    pages={3–36},
    collection={Strategies for Social Inquiry}
}

@misc{pittphilsci16978,
           title = {The Many Dimensions of the String Theory Wars},
          author = {Sophie Ritson},
            year = {2016},
         journal = {PhD Thesis - University of Sydney},
        keywords = {String theory
Controversy
Non-empirical theory appraisal},
             url = {http://philsci-archive.pitt.edu/16978/},
    entrysubtype = {secondaire}
}

@inbook{mahoney_thelen_2009,
place={Cambridge},
author = {James Mahoney and Kathleen Thelen},
title={A Theory of Gradual Institutional Change},
DOI={10.1017/CBO9780511806414.003},
booktitle={Explaining Institutional Change: Ambiguity, Agency, and Power},
publisher={Cambridge University Press},
year={2009},
pages={1–37}
}

@article{Zollman2009,
	doi = {10.1007/s10670-009-9194-6},
	url = {https://doi.org/10.1007%2Fs10670-009-9194-6},
	year = 2009,
	month = {oct},
	publisher = {Springer Science and Business Media {LLC}},
	volume = {72},
	number = {1},
	pages = {17--35},
	author = {Kevin J. S. Zollman},
	title = {The Epistemic Benefit of Transient Diversity},
	journal = {Erkenntnis}
}

@article{Kummerfeld2016,
  doi = {10.1093/bjps/axv013},
  url = {https://doi.org/10.1093/bjps/axv013},
  year = {2016},
  month = dec,
  publisher = {University of Chicago Press},
  volume = {67},
  number = {4},
  pages = {1057--1076},
  author = {Erich Kummerfeld and Kevin J. S. Zollman},
  title = {Conservatism and the Scientific State of Nature},
  journal = {The British Journal for the Philosophy of Science}
}

@article{Strevens2003,
 ISSN = {0022362X},
 URL = {http://www.jstor.org/stable/3655792},
 author = {Michael Strevens},
 journal = {The Journal of Philosophy},
 number = {2},
 pages = {55--79},
 publisher = {Journal of Philosophy, Inc.},
 title = {The Role of the Priority Rule in Science},
 urldate = {2022-07-27},
 volume = {100},
 year = {2003}
}

@INPROCEEDINGS{citations_dag,  author={Zhang, Sheng and Zhao, Danling and Cheng, Ran and Cheng, Jiajun and Wang, Hui},  booktitle={2016 IEEE First International Conference on Data Science in Cyberspace (DSC)}, 
title={Finding Influential Papers in Citation Networks},
year={2016},  volume={},
number={},
pages={658-662},
doi={10.1109/DSC.2016.55}
}

@article{Yan2013,
  doi = {10.1016/j.joi.2012.11.008},
  url = {https://doi.org/10.1016/j.joi.2012.11.008},
  year = {2013},
  month = apr,
  publisher = {Elsevier {BV}},
  volume = {7},
  number = {2},
  pages = {249--264},
  author = {Erjia Yan and Ying Ding and Blaise Cronin and Loet Leydesdorff},
  title = {A bird{\textquotesingle}s-eye view of scientific trading: Dependency relations among fields of science},
  journal = {Journal of Informetrics}
}

@article{Shifman1999,
    author = "Mikhail Shifman",
    editor = "Seto, R.",
    title = "{Exact results in gauge theories: Putting supersymmetry to work. The 1999 Sakurai Prize Lecture}",
    eprint = "hep-th/9906049",
    archivePrefix = "arXiv",
    reportNumber = "TPI-MINN-99-20-T, UMN-TH-1759-99",
    doi = "10.1142/S0217751X99002372",
    journal = "Int. J. Mod. Phys. A",
    volume = "14",
    pages = "5017--5048",
    year = "1999"
}

@article{Sourlas1985,
title = {Introduction to supersymmetry in condensed matter physics},
journal = {Physica D: Nonlinear Phenomena},
volume = {15},
number = {1},
pages = {115-122},
year = {1985},
issn = {0167-2789},
doi = {https://doi.org/10.1016/0167-2789(85)90153-8},
url = {https://www.sciencedirect.com/science/article/pii/0167278985901538},
author = {Nicolas Sourlas}
}

@article{Cooper1995,
title = {Supersymmetry and quantum mechanics},
journal = {Physics Reports},
volume = {251},
number = {5},
pages = {267-385},
year = {1995},
issn = {0370-1573},
doi = {https://doi.org/10.1016/0370-1573(94)00080-M},
url = {https://www.sciencedirect.com/science/article/pii/037015739400080M},
author = {Fred Cooper and Avinash Khare and Uday Sukhatme}
}

@phdtesis{Ritson2016,
author = {Ritson, Sophie},
year = {2016},
pages = {},
title = {The Many Dimensions of the String Theory Wars},
publisher = {University of Sydney}
}

@InCollection{sep-rationality-historicist,
	author       =	{Nickles, Thomas},
	title        =	{{Historicist Theories of Scientific Rationality}},
	booktitle    =	{The {Stanford} Encyclopedia of Philosophy},
	editor       =	{Edward N. Zalta},
	howpublished =	{\url{https://plato.stanford.edu/archives/spr2021/entries/rationality-historicist/}},
	year         =	{2021},
	edition      =	{{S}pring 2021},
	publisher    =	{Metaphysics Research Lab, Stanford University}
}

@BOOK{Pickering1995,
  title     = "The mangle of practice",
  author    = "Pickering, Andrew",
  publisher = "University of Chicago Press",
  edition   =  2,
  month     =  sep,
  year      =  1995,
  address   = "Chicago, IL"
}

@article{Pierson2000,
author = {Pierson, Paul},
title = {The Limits of Design: Explaining Institutional Origins and Change},
journal = {Governance},
volume = {13},
number = {4},
pages = {475-499},
doi = {https://doi.org/10.1111/0952-1895.00142},
url = {https://onlinelibrary.wiley.com/doi/abs/10.1111/0952-1895.00142},
eprint = {https://onlinelibrary.wiley.com/doi/pdf/10.1111/0952-1895.00142},
year = {2000}
}

@article{Dawid2009,
 ISSN = {00318248, 1539767X},
 URL = {https://www.jstor.org/stable/10.1086/605794},
 abstract = {The current status of string theory is assessed quite differently by most of the theory’s exponents than by the majority of physicists in other fields. While the former tend to have a high degree of trust in string theory’s viability, the latter largely share a substantially more skeptical point of view. This article argues that the controversy can be best understood in terms of a paradigmatic rift between the two sides over their understandings of theory assessment. An attempt is made to evaluate the two conflicting paradigms on their own terms.},
 author = {Richard Dawid},
 journal = {Philosophy of Science},
 number = {5},
 pages = {984--996},
 publisher = {[The University of Chicago Press, Philosophy of Science Association]},
 title = {On the Conflicting Assessments of the Current Status of String Theory},
 urldate = {2022-07-28},
 volume = {76},
 year = {2009}
}

@article{Bourdieu1975,
author = {Pierre Bourdieu},
title ={The specificity of the scientific field and the social conditions of the progress of reason},
journal = {Social Science Information},
volume = {14},
number = {6},
pages = {19-47},
year = {1975},
doi = {10.1177/053901847501400602},

URL = { 
        https://doi.org/10.1177/053901847501400602
    
},
eprint = { 
        https://doi.org/10.1177/053901847501400602
    
}

}

@BOOK{KnorrCetina1999,
  title     = "Epistemic cultures",
  author    = "Knorr-Cetina, Karin",
  publisher = "Harvard University Press",
  month     =  jun,
  year      =  1999,
  address   = "London, England",
  language  = "en"
}


@book{Change1988,
  doi = {10.1007/978-94-009-3025-4},
  url = {https://doi.org/10.1007/978-94-009-3025-4},
  year = {1988},
  publisher = {Springer Netherlands},
  editor = {Kostas Gavroglu and Yorgos Goudaroulis and Pantelis Nicolacopoulos},
  title = {Imre Lakatos and Theories of Scientific Change}
}

@inbook{Mahoney2003,
place={Cambridge},
series={Cambridge Studies in Comparative Politics},
title={Strategies of causal assessment in comparative historical analysis},
DOI={10.1017/CBO9780511803963.011},
booktitle={Comparative Historical Analysis in the Social Sciences},
publisher={Cambridge University Press},
author={Mahoney, James},
editor={Mahoney, James and Rueschemeyer, DietrichEditors},
year={2003},
pages={337–372},
collection={Cambridge Studies in Comparative Politics}
}

@article{Neveu1971,
    author = "Neveu, A. and Schwarz, J. H.",
    title = "{Factorizable dual model of pions}",
    doi = "10.1016/0550-3213(71)90448-2",
    journal = "Nucl. Phys. B",
    volume = "31",
    pages = "86--112",
    year = "1971"
}

@article{Oppenheim1958,
	journal = {Minnesota Studies in the Philosophy of Science},
	year = {1958},
	volume = {2},
	title = {Unity of Science as a Working Hypothesis},
	pages = {3--36},
	author = {Paul Oppenheim and Hilary Putnam}
}

@book{Ruphy2016,
	location = {Pittsburgh, {PA}},
	title = {Scientific pluralism reconsidered: a new approach to the (dis)unity of science},
	isbn = {978-0-8229-4458-4},
	shorttitle = {Scientific pluralism reconsidered},
	pagetotal = {186},
	publisher = {University of Pittsburgh Press},
	author = {Ruphy, Stéphanie},
	year = 2016,
	langid = {english},
	keywords = {Knowledge, Theory of, Philosophy, Science},
}

@incollection{Galison1996,
	editor = {Peter Galison and David J. Stump},
	pages = {118--157},
	author = {Peter Galison},
	title = {Computer Simulations and the Trading Zone},
	booktitle = {The Disunity of Science: Boundaries, Contexts, and Power},
	year = {1996},
	publisher = {Stanford University Press}
}

@incollection{Hacking1996,
	editor = {Peter Galison and David J. Stump},
	pages = {37--74},
	author = {Ian Hacking},
	title = {The Disunities of the Sciences},
	booktitle = {The Disunity of Science: Boundaries, Contexts, and Power},
	year = {1996},
	publisher = {Stanford University Press}
}

@incollection{Bechtel2007,
	publisher = {Elsevier},
	year = {2007},
	title = {Reduction, Integration, and the Unity of Science: Natural, Behavioral, and Social Sciences and the Humanities},
	author = {William P. Bechtel and Andrew Hamilton},
	booktitle = {Philosophy of Science: Focal Issues (Volume 1 of the Handbook of the Philosophy of Science)},
	editor = {T. Kuipers}
}

@article{Suppes1978,
	journal = {PSA: Proceedings of the Biennial Meeting of the Philosophy of Science Association},
	title = {The Plurality of Science},
	publisher = {University of Chicago Press},
	year = {1978},
	pages = {3--16},
	author = {Patrick Suppes},
	volume = {1978}
}

@article{Dupre1983,
	title = {The Disunity of Science},
	doi = {10.1093/mind/xcii.367.321},
	publisher = {Oxford University Press},
	number = {367},
	pages = {321--346},
	volume = {92},
	year = {1983},
	author = {John Dupr\'e},
	journal = {Mind}
}

@book{Cartwright1999, place={Cambridge}, title={The Dappled World: A Study of the Boundaries of Science}, DOI={10.1017/CBO9781139167093}, publisher={Cambridge University Press}, author={Cartwright, Nancy}, year={1999}}


@incollection{Kemman2021,
  doi = {10.1515/9783110682106-002},
  url = {https://doi.org/10.1515/9783110682106-002},
  year = {2021},
  month = sep,
  publisher = {De Gruyter},
  pages = {39--61},
  title = {The Trading Zones Model},
  booktitle = {Trading Zones of Digital History},
  author = {Kemman, Max}
}

@incollection{Malaterre2022,
title = {Topic Modeling in HPS},
  author = {Christophe Malaterre and Jean-François Chartier and Davide Pulizzotto},
booktitle     = "The dynamics of science the dynamics of science",
  editor    = "Ramsey, Grant and De Block, Andreas",
  publisher = "University of Pittsburgh Press",
  month     =  dec,
  year      =  2022,
  address   = "Pittsburgh, PA",

}

@incollection{Allen2022,
title = {LDA Topic Modeling:
Contexts for the History and Philosophy
of Science},
  author = {Colin Allen and Jaimie Murdock},
booktitle     = "The dynamics of science the dynamics of science",
  editor    = "Ramsey, Grant and De Block, Andreas",
  publisher = "University of Pittsburgh Press",
  month     =  dec,
  year      =  2022,
  address   = "Pittsburgh, PA",

}

@article{Klein2008,
  doi = {10.1016/j.amepre.2008.05.010},
  url = {https://doi.org/10.1016/j.amepre.2008.05.010},
  year = {2008},
  month = aug,
  publisher = {Elsevier {BV}},
  volume = {35},
  number = {2},
  pages = {S116--S123},
  author = {Julie T. Klein},
  title = {Evaluation of Interdisciplinary and Transdisciplinary Research},
  journal = {American Journal of Preventive Medicine}
}

@article{GrneYanoff2016,
  doi = {10.1007/s13194-016-0139-z},
  url = {https://doi.org/10.1007/s13194-016-0139-z},
  year = {2016},
  month = mar,
  publisher = {Springer Science and Business Media {LLC}},
  volume = {6},
  number = {3},
  pages = {343--360},
  author = {Till Gr\"{u}ne-Yanoff},
  title = {Interdisciplinary success without integration},
  journal = {European Journal for Philosophy of Science}
}
